Entry Number,Hotel Name,Region,Hotel Type,Star Rating,Check-in Date,Season,Total Revenue,Occupancy Rate (%),Customer Rating (1-5),Feedback Category,Customer Comments
H001,Mountain Retreat,Colorado,Boutique,3,1/1/2024,Winter,31270,76.88,4.4,Service,Staff went above and beyond.
H002,The Grand Oak,California,Luxury,5,1/1/2024,Winter,91240,70.75,4,Service,"Staff was helpful, though not always available."
H003,Seaside Shores,Florida,Resort,4,1/1/2024,Winter,79360,71.37,4.6,Food,Tasty and well-prepared dishes.
H004,Metro Meridian,New York,Business,5,1/1/2024,Winter,27590,73.99,3.6,Service,Slow check-in process.
H005,Budget Haven,Texas,Budget,3,1/1/2024,Winter,33920,76.07,4.5,Food,Tasty and well-prepared dishes.
H006,Mountain Retreat,Colorado,Boutique,3,1/2/2024,Winter,48860,70.74,4.2,Amenities,Lots of extras included.
H007,The Grand Oak,California,Luxury,5,1/2/2024,Winter,63600,91.78,3.5,Amenities,Modern amenities and comfortable spaces.
H008,Seaside Shores,Florida,Resort,4,1/2/2024,Winter,27390,85.22,3.9,Cleanliness,Clean enough for a short stay.
H009,Metro Meridian,New York,Business,5,1/2/2024,Winter,19370,81.69,4.1,Food,Tasty and well-prepared dishes.
H010,Budget Haven,Texas,Budget,3,1/2/2024,Winter,41010,76.46,4.7,Service,Always greeted with a smile.
H011,Mountain Retreat,Colorado,Boutique,3,1/3/2024,Winter,72130,95.43,3.8,Food,Food took a while to arrive.
H012,The Grand Oak,California,Luxury,5,1/3/2024,Winter,106580,78.01,4.5,Food,Loved every meal served.
H013,Seaside Shores,Florida,Resort,4,1/3/2024,Winter,26940,84.66,4,Amenities,Modern amenities and comfortable spaces.
H014,Metro Meridian,New York,Business,5,1/3/2024,Winter,13910,95.71,3.6,Food,Tasty and well-prepared dishes.
H015,Budget Haven,Texas,Budget,3,1/3/2024,Winter,106310,93.35,4.9,Food,Tasty and well-prepared dishes.
H016,Mountain Retreat,Colorado,Boutique,3,1/4/2024,Winter,66730,76.95,5,Amenities,Lots of extras included.
H017,The Grand Oak,California,Luxury,5,1/4/2024,Winter,42380,91.51,5,Amenities,Lots of extras included.
H018,Seaside Shores,Florida,Resort,4,1/4/2024,Winter,82010,78.55,4.7,Food,Loved every meal served.
H019,Metro Meridian,New York,Business,5,1/4/2024,Winter,121770,94.42,4.4,Service,Always greeted with a smile.
H020,Budget Haven,Texas,Budget,3,1/4/2024,Winter,120610,74.01,3.8,Location,Excellent for walking everywhere.
H021,Mountain Retreat,Colorado,Boutique,3,1/5/2024,Winter,33130,98.11,4.1,Amenities,Modern amenities and comfortable spaces.
H022,The Grand Oak,California,Luxury,5,1/5/2024,Winter,101880,74.48,4.4,Service,Staff went above and beyond.
H023,Seaside Shores,Florida,Resort,4,1/5/2024,Winter,24230,94.41,4.3,Service,Exceptional staff and warm hospitality.
H024,Metro Meridian,New York,Business,5,1/5/2024,Winter,103010,76.31,3,Amenities,Very basic and outdated facilities.
H025,Budget Haven,Texas,Budget,3,1/5/2024,Winter,123900,92.98,4.7,Food,Loved every meal served.
H026,Mountain Retreat,Colorado,Boutique,3,1/6/2024,Winter,17000,84.7,4.7,Service,Staff went above and beyond.
H027,The Grand Oak,California,Luxury,5,1/6/2024,Winter,72140,84.08,4.9,Cleanliness,Room was spotless and well-kept.
H028,Seaside Shores,Florida,Resort,4,1/6/2024,Winter,62560,79.08,3.9,Food,Food took a while to arrive.
H029,Metro Meridian,New York,Business,5,1/6/2024,Winter,103640,71.58,4.7,Service,Always greeted with a smile.
H030,Budget Haven,Texas,Budget,3,1/6/2024,Winter,46080,97.15,4.3,Location,Excellent for walking everywhere.
H031,Mountain Retreat,Colorado,Boutique,3,1/7/2024,Winter,21560,92.7,4.8,Service,Exceptional staff and warm hospitality.
H032,The Grand Oak,California,Luxury,5,1/7/2024,Winter,37700,89.28,4.9,Service,Always greeted with a smile.
H033,Seaside Shores,Florida,Resort,4,1/7/2024,Winter,53440,77.07,4.6,Service,Staff went above and beyond.
H034,Metro Meridian,New York,Business,5,1/7/2024,Winter,97650,99.41,4.9,Service,Always greeted with a smile.
H035,Budget Haven,Texas,Budget,3,1/7/2024,Winter,50240,97.86,3.6,Amenities,Modern amenities and comfortable spaces.
H036,Mountain Retreat,Colorado,Boutique,3,1/8/2024,Winter,124730,81.38,4.3,Service,Staff went above and beyond.
H037,The Grand Oak,California,Luxury,5,1/8/2024,Winter,59890,78.19,4.1,Cleanliness,Room could smell a little better.
H038,Seaside Shores,Florida,Resort,4,1/8/2024,Winter,13040,90.55,3.9,Amenities,Modern amenities and comfortable spaces.
H039,Metro Meridian,New York,Business,5,1/8/2024,Winter,52970,91.81,3.5,Food,Tasty and well-prepared dishes.
H040,Budget Haven,Texas,Budget,3,1/8/2024,Winter,52430,99.08,4.6,Service,Exceptional staff and warm hospitality.
H041,Mountain Retreat,Colorado,Boutique,3,1/9/2024,Winter,55540,97.05,4.2,Amenities,Lots of extras included.
H042,The Grand Oak,California,Luxury,5,1/9/2024,Winter,74800,99.9,4,Amenities,Modern amenities and comfortable spaces.
H043,Seaside Shores,Florida,Resort,4,1/9/2024,Winter,124320,98.03,4.2,Amenities,Top-notch amenities with everything you need.
H044,Metro Meridian,New York,Business,5,1/9/2024,Winter,63780,93.34,4.7,Cleanliness,Hygiene standards were top notch.
H045,Budget Haven,Texas,Budget,3,1/9/2024,Winter,9730,74.62,4.7,Food,Loved every meal served.
H046,Mountain Retreat,Colorado,Boutique,3,1/10/2024,Winter,28870,93.51,4.2,Cleanliness,Hygiene standards were top notch.
H047,The Grand Oak,California,Luxury,5,1/10/2024,Winter,60360,76.99,3.9,Food,Food took a while to arrive.
H048,Seaside Shores,Florida,Resort,4,1/10/2024,Winter,20570,91.8,5,Cleanliness,Cleaned twice a day – amazing!
H049,Metro Meridian,New York,Business,5,1/10/2024,Winter,99380,73.82,5,Service,Always greeted with a smile.
H050,Budget Haven,Texas,Budget,3,1/10/2024,Winter,51220,85.02,4.3,Service,Always greeted with a smile.
H051,Mountain Retreat,Colorado,Boutique,3,1/11/2024,Winter,100580,84.88,3.6,Service,"Staff was helpful, though not always available."
H052,The Grand Oak,California,Luxury,5,1/11/2024,Winter,28430,77.56,3.7,Food,Food took a while to arrive.
H053,Seaside Shores,Florida,Resort,4,1/11/2024,Winter,23140,95.22,3.8,Cleanliness,Room was mostly clean.
H054,Metro Meridian,New York,Business,5,1/11/2024,Winter,18440,76.41,3.8,Service,"Staff was helpful, though not always available."
H055,Budget Haven,Texas,Budget,3,1/11/2024,Winter,56650,89.34,4.4,Cleanliness,So clean it felt brand new.
H056,Mountain Retreat,Colorado,Boutique,3,1/12/2024,Winter,115100,75.91,5,Cleanliness,Cleaned twice a day – amazing!
H057,The Grand Oak,California,Luxury,5,1/12/2024,Winter,65910,94.71,3.9,Service,"Staff was helpful, though not always available."
H058,Seaside Shores,Florida,Resort,4,1/12/2024,Winter,86360,83.8,3.6,Cleanliness,Clean enough for a short stay.
H059,Metro Meridian,New York,Business,5,1/12/2024,Winter,39720,95.74,4.4,Service,Staff went above and beyond.
H060,Budget Haven,Texas,Budget,3,1/12/2024,Winter,116300,73.66,3.8,Food,Breakfast was limited but decent.
H061,Mountain Retreat,Colorado,Boutique,3,1/13/2024,Winter,97860,94.25,4.2,Cleanliness,Hygiene standards were top notch.
H062,The Grand Oak,California,Luxury,5,1/13/2024,Winter,60280,79.47,4.9,Amenities,Top-notch amenities with everything you need.
H063,Seaside Shores,Florida,Resort,4,1/13/2024,Winter,50430,97.89,4.9,Food,Loved every meal served.
H064,Metro Meridian,New York,Business,5,1/13/2024,Winter,100900,90.89,5,Service,Exceptional staff and warm hospitality.
H065,Budget Haven,Texas,Budget,3,1/13/2024,Winter,37070,92.36,4.4,Food,Tasty and well-prepared dishes.
H066,Mountain Retreat,Colorado,Boutique,3,1/14/2024,Winter,36020,97.89,3.6,Cleanliness,Room was mostly clean.
H067,The Grand Oak,California,Luxury,5,1/14/2024,Winter,123540,93.15,4.4,Amenities,Lots of extras included.
H068,Seaside Shores,Florida,Resort,4,1/14/2024,Winter,48380,81.42,3.8,Food,Limited but decent selection.
H069,Metro Meridian,New York,Business,5,1/14/2024,Winter,73860,93.94,3.7,Food,Breakfast was limited but decent.
H070,Budget Haven,Texas,Budget,3,1/14/2024,Winter,87580,71.11,4.2,Service,Exceptional staff and warm hospitality.
H071,Mountain Retreat,Colorado,Boutique,3,1/15/2024,Winter,75100,78.65,4.5,Food,Loved every meal served.
H072,The Grand Oak,California,Luxury,5,1/15/2024,Winter,83470,97.88,4.1,Cleanliness,Room could smell a little better.
H073,Seaside Shores,Florida,Resort,4,1/15/2024,Winter,75720,99.59,5,Cleanliness,Hygiene standards were top notch.
H074,Metro Meridian,New York,Business,5,1/15/2024,Winter,43440,88.68,4.1,Food,Food took a while to arrive.
H075,Budget Haven,Texas,Budget,3,1/15/2024,Winter,8070,92.55,4.4,Food,Tasty and well-prepared dishes.
H076,Mountain Retreat,Colorado,Boutique,3,1/16/2024,Winter,53490,89.84,5,Amenities,Top-notch amenities with everything you need.
H077,The Grand Oak,California,Luxury,5,1/16/2024,Winter,24300,78.33,4.1,Food,Breakfast was limited but decent.
H078,Seaside Shores,Florida,Resort,4,1/16/2024,Winter,80060,91.05,4.1,Amenities,Modern amenities and comfortable spaces.
H079,Metro Meridian,New York,Business,5,1/16/2024,Winter,92280,96.88,5,Amenities,Lots of extras included.
H080,Budget Haven,Texas,Budget,3,1/16/2024,Winter,89300,72.92,3.2,Amenities,Okay. Nothing special.
H081,Mountain Retreat,Colorado,Boutique,3,1/17/2024,Winter,58850,79.86,4.7,Cleanliness,Hygiene standards were top notch.
H082,The Grand Oak,California,Luxury,5,1/17/2024,Winter,67260,77.07,4,Food,Limited but decent selection.
H083,Seaside Shores,Florida,Resort,4,1/17/2024,Winter,92460,84.13,3.4,Food,Limited vegetarian options.
H084,Metro Meridian,New York,Business,5,1/17/2024,Winter,105720,79.02,3.7,Food,Breakfast was limited but decent.
H085,Budget Haven,Texas,Budget,3,1/17/2024,Winter,69690,96.81,4.9,Cleanliness,So clean it felt brand new.
H086,Mountain Retreat,Colorado,Boutique,3,1/18/2024,Winter,97920,91.76,4.5,Cleanliness,Cleaned twice a day – amazing!
H087,The Grand Oak,California,Luxury,5,1/18/2024,Winter,25770,96.98,4.1,Cleanliness,Room was mostly clean.
H088,Seaside Shores,Florida,Resort,4,1/18/2024,Winter,103240,90.92,4.3,Cleanliness,Hygiene standards were top notch.
H089,Metro Meridian,New York,Business,5,1/18/2024,Winter,61170,82.73,3,Amenities,Okay. Nothing special.
H090,Budget Haven,Texas,Budget,3,1/18/2024,Winter,122310,99.05,3.6,Service,"Staff was helpful, though not always available."
H091,Mountain Retreat,Colorado,Boutique,3,1/19/2024,Winter,62840,90.52,4.4,Service,Always greeted with a smile.
H092,The Grand Oak,California,Luxury,5,1/19/2024,Winter,7300,72.43,3.8,Cleanliness,Room could smell a little better.
H093,Seaside Shores,Florida,Resort,4,1/19/2024,Winter,105190,74.07,3.3,Cleanliness,Room looked better than hallway.
H094,Metro Meridian,New York,Business,5,1/19/2024,Winter,24790,78.4,4.4,Service,Always greeted with a smile.
H095,Budget Haven,Texas,Budget,3,1/19/2024,Winter,69930,98.65,4.2,Service,Staff went above and beyond.
H096,Mountain Retreat,Colorado,Boutique,3,1/20/2024,Winter,35970,76.19,4.6,Service,Always greeted with a smile.
H097,The Grand Oak,California,Luxury,5,1/20/2024,Winter,84950,84.75,5,Food,Loved every meal served.
H098,Seaside Shores,Florida,Resort,4,1/20/2024,Winter,87040,89.32,5,Food,Loved every meal served.
H099,Metro Meridian,New York,Business,5,1/20/2024,Winter,60960,88.6,4.3,Cleanliness,Hygiene standards were top notch.
H100,Budget Haven,Texas,Budget,3,1/20/2024,Winter,47590,75.85,4.1,Cleanliness,A little bit of trash was still left in trash can.
H101,Mountain Retreat,Colorado,Boutique,3,1/21/2024,Winter,41270,80.06,3.6,Cleanliness,Room could smell a little better.
H102,The Grand Oak,California,Luxury,5,1/21/2024,Winter,106050,94.67,4.2,Food,Tasty and well-prepared dishes.
H103,Seaside Shores,Florida,Resort,4,1/21/2024,Winter,40990,95.89,5,Amenities,Lots of extras included.
H104,Metro Meridian,New York,Business,5,1/21/2024,Winter,50300,70.67,4.3,Cleanliness,Cleaned twice a day – amazing!
H105,Budget Haven,Texas,Budget,3,1/21/2024,Winter,111980,71.07,4,Amenities,Modern amenities and comfortable spaces.
H106,Mountain Retreat,Colorado,Boutique,3,1/22/2024,Winter,40680,89.63,5,Food,Loved every meal served.
H107,The Grand Oak,California,Luxury,5,1/22/2024,Winter,54600,76.85,4,Service,"Staff was helpful, though not always available."
H108,Seaside Shores,Florida,Resort,4,1/22/2024,Winter,74690,77.79,3,Food,Didn't match the 5 star reviews
H109,Metro Meridian,New York,Business,5,1/22/2024,Winter,67570,94.92,4.2,Cleanliness,So clean it felt brand new.
H110,Budget Haven,Texas,Budget,3,1/22/2024,Winter,108020,91.37,3.7,Cleanliness,A little bit of trash was still left in trash can.
H111,Mountain Retreat,Colorado,Boutique,3,1/23/2024,Winter,106460,75.86,4.7,Food,Loved every meal served.
H112,The Grand Oak,California,Luxury,5,1/23/2024,Winter,112340,96.07,5,Cleanliness,Hygiene standards were top notch.
H113,Seaside Shores,Florida,Resort,4,1/23/2024,Winter,110540,73.46,3.6,Cleanliness,Clean enough for a short stay.
H114,Metro Meridian,New York,Business,5,1/23/2024,Winter,66900,92.15,4.8,Amenities,Lots of extras included.
H115,Budget Haven,Texas,Budget,3,1/23/2024,Winter,47580,99.2,3.7,Amenities,Modern amenities and comfortable spaces.
H116,Mountain Retreat,Colorado,Boutique,3,1/24/2024,Winter,64420,73.67,3.5,Cleanliness,Clean enough for a short stay.
H117,The Grand Oak,California,Luxury,5,1/24/2024,Winter,64420,80.85,4.6,Service,Staff went above and beyond.
H118,Seaside Shores,Florida,Resort,4,1/24/2024,Winter,111190,83.19,5,Cleanliness,Hygiene standards were top notch.
H119,Metro Meridian,New York,Business,5,1/24/2024,Winter,113700,90.56,4.7,Service,Always greeted with a smile.
H120,Budget Haven,Texas,Budget,3,1/24/2024,Winter,13220,90.73,4.5,Amenities,Lots of extras included.
H121,Mountain Retreat,Colorado,Boutique,3,1/25/2024,Winter,53290,99.25,4.5,Cleanliness,Cleaned twice a day – amazing!
H122,The Grand Oak,California,Luxury,5,1/25/2024,Winter,8020,80.32,5,Food,Loved every meal served.
H123,Seaside Shores,Florida,Resort,4,1/25/2024,Winter,8990,89.08,4.2,Food,Tasty and well-prepared dishes.
H124,Metro Meridian,New York,Business,5,1/25/2024,Winter,21600,73.28,4,Amenities,Modern amenities and comfortable spaces.
H125,Budget Haven,Texas,Budget,3,1/25/2024,Winter,31340,94.18,5,Food,Loved every meal served.
H126,Mountain Retreat,Colorado,Boutique,3,1/26/2024,Winter,23220,75.22,5,Service,Exceptional staff and warm hospitality.
H127,The Grand Oak,California,Luxury,5,1/26/2024,Winter,36250,85.89,4.5,Cleanliness,Hygiene standards were top notch.
H128,Seaside Shores,Florida,Resort,4,1/26/2024,Winter,97130,95.18,4.1,Food,Breakfast was limited but decent.
H129,Metro Meridian,New York,Business,5,1/26/2024,Winter,108730,75.33,3.9,Food,Breakfast was limited but decent.
H130,Budget Haven,Texas,Budget,3,1/26/2024,Winter,57590,71.18,5,Cleanliness,So clean it felt brand new.
H131,Mountain Retreat,Colorado,Boutique,3,1/27/2024,Winter,58610,70.19,5,Cleanliness,Hygiene standards were top notch.
H132,The Grand Oak,California,Luxury,5,1/27/2024,Winter,76610,78.86,4.6,Service,Exceptional staff and warm hospitality.
H133,Seaside Shores,Florida,Resort,4,1/27/2024,Winter,37310,86.82,3.8,Food,Food took a while to arrive.
H134,Metro Meridian,New York,Business,5,1/27/2024,Winter,60270,71.33,4.6,Food,Loved every meal served.
H135,Budget Haven,Texas,Budget,3,1/27/2024,Winter,109590,92.36,4.1,Cleanliness,Room could smell a little better.
H136,Mountain Retreat,Colorado,Boutique,3,1/28/2024,Winter,30120,85.6,5,Food,Tasty and well-prepared dishes.
H137,The Grand Oak,California,Luxury,5,1/28/2024,Winter,64180,96.17,4.1,Cleanliness,Room was mostly clean.
H138,Seaside Shores,Florida,Resort,4,1/28/2024,Winter,68040,71.96,4.1,Cleanliness,A little bit of trash was still left in trash can.
H139,Metro Meridian,New York,Business,5,1/28/2024,Winter,115820,84.52,3.8,Food,Food took a while to arrive.
H140,Budget Haven,Texas,Budget,3,1/28/2024,Winter,52510,76.54,5,Amenities,Lots of extras included.
H141,Mountain Retreat,Colorado,Boutique,3,1/29/2024,Winter,22560,76.84,4.3,Service,Staff went above and beyond.
H142,The Grand Oak,California,Luxury,5,1/29/2024,Winter,12340,91.21,4.6,Service,Staff went above and beyond.
H143,Seaside Shores,Florida,Resort,4,1/29/2024,Winter,26230,73.89,4.2,Food,Loved every meal served.
H144,Metro Meridian,New York,Business,5,1/29/2024,Winter,56950,77.82,4.6,Service,Exceptional staff and warm hospitality.
H145,Budget Haven,Texas,Budget,3,1/29/2024,Winter,52230,87.16,4,Cleanliness,A little bit of trash was still left in trash can.
H146,Mountain Retreat,Colorado,Boutique,3,1/30/2024,Winter,44890,90.38,4.9,Service,Exceptional staff and warm hospitality.
H147,The Grand Oak,California,Luxury,5,1/30/2024,Winter,67970,83.47,5,Food,Tasty and well-prepared dishes.
H148,Seaside Shores,Florida,Resort,4,1/30/2024,Winter,11010,74.78,4.7,Service,Staff went above and beyond.
H149,Metro Meridian,New York,Business,5,1/30/2024,Winter,29160,98.66,4.3,Cleanliness,Cleaned twice a day – amazing!
H150,Budget Haven,Texas,Budget,3,1/30/2024,Winter,103710,99.63,4.7,Cleanliness,Cleaned twice a day – amazing!
H151,Mountain Retreat,Colorado,Boutique,3,1/31/2024,Winter,31370,95.21,4.5,Amenities,Lots of extras included.
H152,The Grand Oak,California,Luxury,5,1/31/2024,Winter,94680,81.62,5,Food,Tasty and well-prepared dishes.
H153,Seaside Shores,Florida,Resort,4,1/31/2024,Winter,102930,92.63,3.8,Food,Limited but decent selection.
H154,Metro Meridian,New York,Business,5,1/31/2024,Winter,23810,97.54,4.4,Service,Staff went above and beyond.
H155,Budget Haven,Texas,Budget,3,1/31/2024,Winter,29600,85.01,3.5,Cleanliness,Room could smell a little better.
H156,Mountain Retreat,Colorado,Boutique,3,2/1/2024,Winter,51500,72.46,5,Service,Always greeted with a smile.
H157,The Grand Oak,California,Luxury,5,2/1/2024,Winter,15020,76.98,4.2,Service,Staff went above and beyond.
H158,Seaside Shores,Florida,Resort,4,2/1/2024,Winter,77280,99.93,3,Amenities,"Felt like a hostel, not a hotel."
H159,Metro Meridian,New York,Business,5,2/1/2024,Winter,123410,86.83,4.8,Amenities,Lots of extras included.
H160,Budget Haven,Texas,Budget,3,2/1/2024,Winter,15520,86.28,4.7,Service,Staff went above and beyond.
H161,Mountain Retreat,Colorado,Boutique,3,2/2/2024,Winter,24280,90.92,4.8,Cleanliness,Hygiene standards were top notch.
H162,The Grand Oak,California,Luxury,5,2/2/2024,Winter,45120,92.78,4.1,Food,Food took a while to arrive.
H163,Seaside Shores,Florida,Resort,4,2/2/2024,Winter,28270,98.54,4.6,Cleanliness,Hygiene standards were top notch.
H164,Metro Meridian,New York,Business,5,2/2/2024,Winter,35910,91.17,4.3,Service,Exceptional staff and warm hospitality.
H165,Budget Haven,Texas,Budget,3,2/2/2024,Winter,102820,98.37,4.2,Amenities,Top-notch amenities with everything you need.
H166,Mountain Retreat,Colorado,Boutique,3,2/3/2024,Winter,16720,95.29,4.4,Amenities,Top-notch amenities with everything you need.
H167,The Grand Oak,California,Luxury,5,2/3/2024,Winter,56990,91.63,3.9,Cleanliness,Clean enough for a short stay.
H168,Seaside Shores,Florida,Resort,4,2/3/2024,Winter,56150,71.17,3.1,Food,Limited vegetarian options.
H169,Metro Meridian,New York,Business,5,2/3/2024,Winter,23970,94.81,5,Amenities,Top-notch amenities with everything you need.
H170,Budget Haven,Texas,Budget,3,2/3/2024,Winter,36210,96.32,4.7,Amenities,Lots of extras included.
H171,Mountain Retreat,Colorado,Boutique,3,2/4/2024,Winter,58250,90.68,3.4,Amenities,Very basic and outdated facilities.
H172,The Grand Oak,California,Luxury,5,2/4/2024,Winter,121410,83.81,5,Service,Always greeted with a smile.
H173,Seaside Shores,Florida,Resort,4,2/4/2024,Winter,54360,92.11,5,Cleanliness,Cleaned twice a day – amazing!
H174,Metro Meridian,New York,Business,5,2/4/2024,Winter,39040,95.08,4.6,Food,Tasty and well-prepared dishes.
H175,Budget Haven,Texas,Budget,3,2/4/2024,Winter,36230,89.35,4.5,Cleanliness,So clean it felt brand new.
H176,Mountain Retreat,Colorado,Boutique,3,2/5/2024,Winter,8230,91.62,3.6,Food,Food took a while to arrive.
H177,The Grand Oak,California,Luxury,5,2/5/2024,Winter,118970,74.18,3.6,Cleanliness,A little bit of trash was still left in trash can.
H178,Seaside Shores,Florida,Resort,4,2/5/2024,Winter,103270,76.73,3.8,Amenities,Modern amenities and comfortable spaces.
H179,Metro Meridian,New York,Business,5,2/5/2024,Winter,121600,99.95,4.5,Cleanliness,Hygiene standards were top notch.
H180,Budget Haven,Texas,Budget,3,2/5/2024,Winter,110600,74.04,4.1,Service,"Staff was helpful, though not always available."
H181,Mountain Retreat,Colorado,Boutique,3,2/6/2024,Winter,78430,86.45,3.9,Food,Limited but decent selection.
H182,The Grand Oak,California,Luxury,5,2/6/2024,Winter,96560,83.89,4.4,Service,Always greeted with a smile.
H183,Seaside Shores,Florida,Resort,4,2/6/2024,Winter,98000,76.3,4.8,Food,Loved every meal served.
H184,Metro Meridian,New York,Business,5,2/6/2024,Winter,111110,89.61,4,Food,Limited but decent selection.
H185,Budget Haven,Texas,Budget,3,2/6/2024,Winter,124600,88.94,4.7,Cleanliness,So clean it felt brand new.
H186,Mountain Retreat,Colorado,Boutique,3,2/7/2024,Winter,91470,89.8,3.7,Food,Limited but decent selection.
H187,The Grand Oak,California,Luxury,5,2/7/2024,Winter,9280,80.05,3.5,Cleanliness,Room could smell a little better.
H188,Seaside Shores,Florida,Resort,4,2/7/2024,Winter,69980,73.2,4.4,Amenities,Lots of extras included.
H189,Metro Meridian,New York,Business,5,2/7/2024,Winter,49020,70.8,3.8,Food,Food took a while to arrive.
H190,Budget Haven,Texas,Budget,3,2/7/2024,Winter,36500,88.44,4.8,Cleanliness,Cleaned twice a day – amazing!
H191,Mountain Retreat,Colorado,Boutique,3,2/8/2024,Winter,14850,77.07,4.4,Cleanliness,Hygiene standards were top notch.
H192,The Grand Oak,California,Luxury,5,2/8/2024,Winter,99590,97.25,4.2,Food,Tasty and well-prepared dishes.
H193,Seaside Shores,Florida,Resort,4,2/8/2024,Winter,107580,82.76,2.6,Amenities,Very basic and outdated facilities.
H194,Metro Meridian,New York,Business,5,2/8/2024,Winter,107730,98.4,2.8,Food,Food was average.
H195,Budget Haven,Texas,Budget,3,2/8/2024,Winter,89510,98.77,4,Service,"Staff was helpful, though not always available."
H196,Mountain Retreat,Colorado,Boutique,3,2/9/2024,Winter,102670,93.32,3.8,Cleanliness,Room could smell a little better.
H197,The Grand Oak,California,Luxury,5,2/9/2024,Winter,24870,99.89,4.8,Cleanliness,Cleaned twice a day – amazing!
H198,Seaside Shores,Florida,Resort,4,2/9/2024,Winter,88680,73.07,4.5,Cleanliness,Hygiene standards were top notch.
H199,Metro Meridian,New York,Business,5,2/9/2024,Winter,32150,80.55,4.2,Cleanliness,Cleaned twice a day – amazing!
H200,Budget Haven,Texas,Budget,3,2/9/2024,Winter,95290,99.13,5,Service,Staff went above and beyond.
H201,Mountain Retreat,Colorado,Boutique,3,2/10/2024,Winter,44880,80.42,4.5,Food,Tasty and well-prepared dishes.
H202,The Grand Oak,California,Luxury,5,2/10/2024,Winter,55450,81.9,4.3,Food,Tasty and well-prepared dishes.
H203,Seaside Shores,Florida,Resort,4,2/10/2024,Winter,28580,80.78,4.6,Amenities,Lots of extras included.
H204,Metro Meridian,New York,Business,5,2/10/2024,Winter,45890,87.39,4,Cleanliness,Room could smell a little better.
H205,Budget Haven,Texas,Budget,3,2/10/2024,Winter,89340,87.57,4.8,Cleanliness,Hygiene standards were top notch.
H206,Mountain Retreat,Colorado,Boutique,3,2/11/2024,Winter,77600,73.6,4.2,Food,Tasty and well-prepared dishes.
H207,The Grand Oak,California,Luxury,5,2/11/2024,Winter,13200,80.77,3.5,Cleanliness,Clean enough for a short stay.
H208,Seaside Shores,Florida,Resort,4,2/11/2024,Winter,108940,83.47,4.1,Amenities,Modern amenities and comfortable spaces.
H209,Metro Meridian,New York,Business,5,2/11/2024,Winter,24030,77.47,3.4,Amenities,Some amenities were broken or missing.
H210,Budget Haven,Texas,Budget,3,2/11/2024,Winter,49840,99.17,4.8,Food,Tasty and well-prepared dishes.
H211,Mountain Retreat,Colorado,Boutique,3,2/12/2024,Winter,44260,77,4,Food,Limited but decent selection.
H212,The Grand Oak,California,Luxury,5,2/12/2024,Winter,40470,78.27,4.6,Service,Staff went above and beyond.
H213,Seaside Shores,Florida,Resort,4,2/12/2024,Winter,33700,93.06,4.1,Service,"Staff was helpful, though not always available."
H214,Metro Meridian,New York,Business,5,2/12/2024,Winter,40270,82.17,2.8,Food,Limited vegetarian options.
H215,Budget Haven,Texas,Budget,3,2/12/2024,Winter,17450,96.49,3.3,Amenities,Okay. Nothing special.
H216,Mountain Retreat,Colorado,Boutique,3,2/13/2024,Winter,73210,81.81,4.8,Amenities,Top-notch amenities with everything you need.
H217,The Grand Oak,California,Luxury,5,2/13/2024,Winter,27120,87.65,4.2,Food,Loved every meal served.
H218,Seaside Shores,Florida,Resort,4,2/13/2024,Winter,37910,90.59,4.6,Food,Tasty and well-prepared dishes.
H219,Metro Meridian,New York,Business,5,2/13/2024,Winter,108910,84.92,5,Service,Staff went above and beyond.
H220,Budget Haven,Texas,Budget,3,2/13/2024,Winter,27200,82.27,3.7,Cleanliness,Had to dust a bit but overall room was clean.
H221,Mountain Retreat,Colorado,Boutique,3,2/14/2024,Winter,20140,70.3,4.4,Food,Loved every meal served.
H222,The Grand Oak,California,Luxury,5,2/14/2024,Winter,114480,97.49,4.6,Food,Tasty and well-prepared dishes.
H223,Seaside Shores,Florida,Resort,4,2/14/2024,Winter,91320,94.98,4.3,Service,Exceptional staff and warm hospitality.
H224,Metro Meridian,New York,Business,5,2/14/2024,Winter,124200,79.49,4.3,Cleanliness,So clean it felt brand new.
H225,Budget Haven,Texas,Budget,3,2/14/2024,Winter,87470,77.85,5,Food,Loved every meal served.
H226,Mountain Retreat,Colorado,Boutique,3,2/15/2024,Winter,102040,92.39,5,Service,Always greeted with a smile.
H227,The Grand Oak,California,Luxury,5,2/15/2024,Winter,100290,84.65,3.3,Food,Food was average.
H228,Seaside Shores,Florida,Resort,4,2/15/2024,Winter,21640,92.4,3.8,Cleanliness,Clean enough for a short stay.
H229,Metro Meridian,New York,Business,5,2/15/2024,Winter,17730,73.4,4.1,Food,Breakfast was limited but decent.
H230,Budget Haven,Texas,Budget,3,2/15/2024,Winter,42720,79.22,3.8,Food,Limited but decent selection.
H231,Mountain Retreat,Colorado,Boutique,3,2/16/2024,Winter,122810,79.67,5,Cleanliness,Cleaned twice a day – amazing!
H232,The Grand Oak,California,Luxury,5,2/16/2024,Winter,118510,93.21,4.4,Amenities,Lots of extras included.
H233,Seaside Shores,Florida,Resort,4,2/16/2024,Winter,8570,89.25,4.8,Amenities,Lots of extras included.
H234,Metro Meridian,New York,Business,5,2/16/2024,Winter,105490,76.77,3.4,Cleanliness,Room looked better than hallway.
H235,Budget Haven,Texas,Budget,3,2/16/2024,Winter,31970,93.66,4.3,Cleanliness,Cleaned twice a day – amazing!
H236,Mountain Retreat,Colorado,Boutique,3,2/17/2024,Winter,20280,81.77,4.6,Amenities,Top-notch amenities with everything you need.
H237,The Grand Oak,California,Luxury,5,2/17/2024,Winter,104620,77.79,3.3,Cleanliness,Room looked better than hallway.
H238,Seaside Shores,Florida,Resort,4,2/17/2024,Winter,18860,72.75,4.2,Amenities,Top-notch amenities with everything you need.
H239,Metro Meridian,New York,Business,5,2/17/2024,Winter,71960,80.28,5,Service,Always greeted with a smile.
H240,Budget Haven,Texas,Budget,3,2/17/2024,Winter,96700,92.04,3.9,Food,Breakfast was limited but decent.
H241,Mountain Retreat,Colorado,Boutique,3,2/18/2024,Winter,94630,74.01,4.6,Amenities,Lots of extras included.
H242,The Grand Oak,California,Luxury,5,2/18/2024,Winter,90620,74.19,5,Service,Exceptional staff and warm hospitality.
H243,Seaside Shores,Florida,Resort,4,2/18/2024,Winter,69830,76.95,4.3,Food,Loved every meal served.
H244,Metro Meridian,New York,Business,5,2/18/2024,Winter,64380,95.48,4,Cleanliness,Clean enough for a short stay.
H245,Budget Haven,Texas,Budget,3,2/18/2024,Winter,106620,72.54,5,Service,Staff went above and beyond.
H246,Mountain Retreat,Colorado,Boutique,3,2/19/2024,Winter,62700,93.61,4,Cleanliness,Room could smell a little better.
H247,The Grand Oak,California,Luxury,5,2/19/2024,Winter,16900,95.49,4.1,Cleanliness,Had to dust a bit but overall room was clean.
H248,Seaside Shores,Florida,Resort,4,2/19/2024,Winter,95230,83.44,5,Cleanliness,Hygiene standards were top notch.
H249,Metro Meridian,New York,Business,5,2/19/2024,Winter,89020,84.67,3.6,Amenities,Modern amenities and comfortable spaces.
H250,Budget Haven,Texas,Budget,3,2/19/2024,Winter,88990,76.18,2.6,Food,Limited vegetarian options.
H251,Mountain Retreat,Colorado,Boutique,3,2/20/2024,Winter,90040,98.43,3.2,Amenities,Okay. Nothing special.
H252,The Grand Oak,California,Luxury,5,2/20/2024,Winter,57690,91.17,3.7,Food,Breakfast was limited but decent.
H253,Seaside Shores,Florida,Resort,4,2/20/2024,Winter,70850,70.94,3.7,Food,Breakfast was limited but decent.
H254,Metro Meridian,New York,Business,5,2/20/2024,Winter,105220,86.88,3.7,Cleanliness,Room could smell a little better.
H255,Budget Haven,Texas,Budget,3,2/20/2024,Winter,96910,85.33,4.8,Food,Loved every meal served.
H256,Mountain Retreat,Colorado,Boutique,3,2/21/2024,Winter,93170,89.74,5,Service,Exceptional staff and warm hospitality.
H257,The Grand Oak,California,Luxury,5,2/21/2024,Winter,77690,72.98,3.6,Amenities,Modern amenities and comfortable spaces.
H258,Seaside Shores,Florida,Resort,4,2/21/2024,Winter,48440,98.45,4,Food,Limited but decent selection.
H259,Metro Meridian,New York,Business,5,2/21/2024,Winter,118130,80.8,4.7,Amenities,Lots of extras included.
H260,Budget Haven,Texas,Budget,3,2/21/2024,Winter,50930,89.24,4.6,Cleanliness,Cleaned twice a day – amazing!
H261,Mountain Retreat,Colorado,Boutique,3,2/22/2024,Winter,124940,93.79,3.5,Service,"Staff was helpful, though not always available."
H262,The Grand Oak,California,Luxury,5,2/22/2024,Winter,33640,70.57,3.4,Cleanliness,Found small hairs on carpet.
H263,Seaside Shores,Florida,Resort,4,2/22/2024,Winter,107420,79.96,2.9,Service,Slow check-in.
H264,Metro Meridian,New York,Business,5,2/22/2024,Winter,94940,85.78,4.6,Cleanliness,So clean it felt brand new.
H265,Budget Haven,Texas,Budget,3,2/22/2024,Winter,79800,71.81,4.3,Food,Loved every meal served.
H266,Mountain Retreat,Colorado,Boutique,3,2/23/2024,Winter,79740,90.07,3.9,Cleanliness,A little bit of trash was still left in trash can.
H267,The Grand Oak,California,Luxury,5,2/23/2024,Winter,78950,92.08,4.8,Cleanliness,Hygiene standards were top notch.
H268,Seaside Shores,Florida,Resort,4,2/23/2024,Winter,86870,78.2,3.4,Amenities,Okay. Nothing special.
H269,Metro Meridian,New York,Business,5,2/23/2024,Winter,45420,73.33,4.1,Cleanliness,Had to dust a bit but overall room was clean.
H270,Budget Haven,Texas,Budget,3,2/23/2024,Winter,84270,75.73,4.4,Food,Loved every meal served.
H271,Mountain Retreat,Colorado,Boutique,3,2/24/2024,Winter,112070,74.38,4,Service,"Staff was helpful, though not always available."
H272,The Grand Oak,California,Luxury,5,2/24/2024,Winter,68300,85.46,3.7,Cleanliness,Room was mostly clean.
H273,Seaside Shores,Florida,Resort,4,2/24/2024,Winter,34880,74.56,4.3,Service,Staff went above and beyond.
H274,Metro Meridian,New York,Business,5,2/24/2024,Winter,34360,79.4,5,Cleanliness,So clean it felt brand new.
H275,Budget Haven,Texas,Budget,3,2/24/2024,Winter,9090,90.48,4.4,Cleanliness,Hygiene standards were top notch.
H276,Mountain Retreat,Colorado,Boutique,3,2/25/2024,Winter,41910,83.14,3.8,Food,Breakfast was limited but decent.
H277,The Grand Oak,California,Luxury,5,2/25/2024,Winter,83720,78.34,4.8,Food,Loved every meal served.
H278,Seaside Shores,Florida,Resort,4,2/25/2024,Winter,36380,90.99,4.4,Cleanliness,So clean it felt brand new.
H279,Metro Meridian,New York,Business,5,2/25/2024,Winter,63350,88.64,4.9,Food,Loved every meal served.
H280,Budget Haven,Texas,Budget,3,2/25/2024,Winter,75710,71.78,4.2,Service,Staff went above and beyond.
H281,Mountain Retreat,Colorado,Boutique,3,2/26/2024,Winter,26950,99.62,4.5,Service,Exceptional staff and warm hospitality.
H282,The Grand Oak,California,Luxury,5,2/26/2024,Winter,39780,75.14,4.5,Food,Tasty and well-prepared dishes.
H283,Seaside Shores,Florida,Resort,4,2/26/2024,Winter,47280,91.75,3.8,Cleanliness,A little bit of trash was still left in trash can.
H284,Metro Meridian,New York,Business,5,2/26/2024,Winter,117160,97.27,4.6,Amenities,Lots of extras included.
H285,Budget Haven,Texas,Budget,3,2/26/2024,Winter,11430,96.57,3.7,Food,Food took a while to arrive.
H286,Mountain Retreat,Colorado,Boutique,3,2/27/2024,Winter,39530,97.48,5,Food,Tasty and well-prepared dishes.
H287,The Grand Oak,California,Luxury,5,2/27/2024,Winter,35130,96.27,5,Amenities,Lots of extras included.
H288,Seaside Shores,Florida,Resort,4,2/27/2024,Winter,34070,85.2,4.2,Amenities,Top-notch amenities with everything you need.
H289,Metro Meridian,New York,Business,5,2/27/2024,Winter,54430,90.56,3.2,Amenities,"Felt like a hostel, not a hotel."
H290,Budget Haven,Texas,Budget,3,2/27/2024,Winter,80340,85.56,4,Cleanliness,Room could smell a little better.
H291,Mountain Retreat,Colorado,Boutique,3,2/28/2024,Winter,81960,70.26,4,Cleanliness,Room could smell a little better.
H292,The Grand Oak,California,Luxury,5,2/28/2024,Winter,17020,96.22,4.3,Food,Tasty and well-prepared dishes.
H293,Seaside Shores,Florida,Resort,4,2/28/2024,Winter,34450,84.29,5,Cleanliness,So clean it felt brand new.
H294,Metro Meridian,New York,Business,5,2/28/2024,Winter,83110,93.62,3.9,Service,"Staff was helpful, though not always available."
H295,Budget Haven,Texas,Budget,3,2/28/2024,Winter,59450,87.86,3.9,Cleanliness,Room could smell a little better.
H296,Mountain Retreat,Colorado,Boutique,3,2/29/2024,Winter,72150,93.83,5,Food,Loved every meal served.
H297,The Grand Oak,California,Luxury,5,2/29/2024,Winter,33680,73.63,4.7,Cleanliness,So clean it felt brand new.
H298,Seaside Shores,Florida,Resort,4,2/29/2024,Winter,94790,98.94,4.3,Cleanliness,Cleaned twice a day – amazing!
H299,Metro Meridian,New York,Business,5,2/29/2024,Winter,92730,90.03,4.7,Cleanliness,Cleaned twice a day – amazing!
H300,Budget Haven,Texas,Budget,3,2/29/2024,Winter,18800,85.4,4.4,Service,Always greeted with a smile.
H301,Mountain Retreat,Colorado,Boutique,3,3/1/2024,Spring,51950,88.55,4.2,Cleanliness,Hygiene standards were top notch.
H302,The Grand Oak,California,Luxury,5,3/1/2024,Spring,122690,74.34,4.3,Food,Tasty and well-prepared dishes.
H303,Seaside Shores,Florida,Resort,4,3/1/2024,Spring,65550,91.21,4.7,Service,Exceptional staff and warm hospitality.
H304,Metro Meridian,New York,Business,5,3/1/2024,Spring,64940,73.45,4.5,Food,Loved every meal served.
H305,Budget Haven,Texas,Budget,3,3/1/2024,Spring,7700,79.9,4.6,Service,Exceptional staff and warm hospitality.
H306,Mountain Retreat,Colorado,Boutique,3,3/2/2024,Spring,105340,90.48,4.8,Service,Always greeted with a smile.
H307,The Grand Oak,California,Luxury,5,3/2/2024,Spring,48430,74.4,4.4,Cleanliness,So clean it felt brand new.
H308,Seaside Shores,Florida,Resort,4,3/2/2024,Spring,101270,71.67,4.7,Service,Staff went above and beyond.
H309,Metro Meridian,New York,Business,5,3/2/2024,Spring,70940,89.89,3.9,Food,Breakfast was limited but decent.
H310,Budget Haven,Texas,Budget,3,3/2/2024,Spring,87180,95.02,5,Amenities,Top-notch amenities with everything you need.
H311,Mountain Retreat,Colorado,Boutique,3,3/3/2024,Spring,41140,87.44,4.3,Amenities,Top-notch amenities with everything you need.
H312,The Grand Oak,California,Luxury,5,3/3/2024,Spring,73750,91.81,4.8,Cleanliness,So clean it felt brand new.
H313,Seaside Shores,Florida,Resort,4,3/3/2024,Spring,45730,96.13,4.6,Service,Always greeted with a smile.
H314,Metro Meridian,New York,Business,5,3/3/2024,Spring,9790,95.98,3.9,Food,Breakfast was limited but decent.
H315,Budget Haven,Texas,Budget,3,3/3/2024,Spring,19960,83,5,Amenities,Lots of extras included.
H316,Mountain Retreat,Colorado,Boutique,3,3/4/2024,Spring,10890,75.94,3.6,Amenities,Modern amenities and comfortable spaces.
H317,The Grand Oak,California,Luxury,5,3/4/2024,Spring,31170,80.31,4,Cleanliness,A little bit of trash was still left in trash can.
H318,Seaside Shores,Florida,Resort,4,3/4/2024,Spring,82880,75.69,3.3,Amenities,Very basic and outdated facilities.
H319,Metro Meridian,New York,Business,5,3/4/2024,Spring,45130,73.99,4.6,Cleanliness,So clean it felt brand new.
H320,Budget Haven,Texas,Budget,3,3/4/2024,Spring,105630,78.42,4,Food,Breakfast was limited but decent.
H321,Mountain Retreat,Colorado,Boutique,3,3/5/2024,Spring,16030,88.55,3.9,Food,Breakfast was limited but decent.
H322,The Grand Oak,California,Luxury,5,3/5/2024,Spring,36800,80.72,4.5,Cleanliness,So clean it felt brand new.
H323,Seaside Shores,Florida,Resort,4,3/5/2024,Spring,97830,96.26,4.1,Amenities,Modern amenities and comfortable spaces.
H324,Metro Meridian,New York,Business,5,3/5/2024,Spring,60310,71.33,3.6,Cleanliness,Clean enough for a short stay.
H325,Budget Haven,Texas,Budget,3,3/5/2024,Spring,116310,75.28,4.9,Amenities,Top-notch amenities with everything you need.
H326,Mountain Retreat,Colorado,Boutique,3,3/6/2024,Spring,101530,98.57,3.9,Cleanliness,Clean enough for a short stay.
H327,The Grand Oak,California,Luxury,5,3/6/2024,Spring,99990,96.95,4.2,Service,Exceptional staff and warm hospitality.
H328,Seaside Shores,Florida,Resort,4,3/6/2024,Spring,103690,85.39,4.1,Cleanliness,A little bit of trash was still left in trash can.
H329,Metro Meridian,New York,Business,5,3/6/2024,Spring,35910,95.22,3.9,Cleanliness,Clean enough for a short stay.
H330,Budget Haven,Texas,Budget,3,3/6/2024,Spring,101670,94.47,3.6,Food,Breakfast was limited but decent.
H331,Mountain Retreat,Colorado,Boutique,3,3/7/2024,Spring,52910,95.61,3,Food,Food was average.
H332,The Grand Oak,California,Luxury,5,3/7/2024,Spring,27770,76.46,4.8,Service,Always greeted with a smile.
H333,Seaside Shores,Florida,Resort,4,3/7/2024,Spring,43730,89.34,3.6,Food,Breakfast was limited but decent.
H334,Metro Meridian,New York,Business,5,3/7/2024,Spring,89210,88.7,4.3,Service,Exceptional staff and warm hospitality.
H335,Budget Haven,Texas,Budget,3,3/7/2024,Spring,102180,91.44,3.4,Food,Limited vegetarian options.
H336,Mountain Retreat,Colorado,Boutique,3,3/8/2024,Spring,18360,95.53,4.2,Service,Staff went above and beyond.
H337,The Grand Oak,California,Luxury,5,3/8/2024,Spring,97180,94.49,4,Cleanliness,Clean enough for a short stay.
H338,Seaside Shores,Florida,Resort,4,3/8/2024,Spring,98260,90.84,3.4,Food,Food was average.
H339,Metro Meridian,New York,Business,5,3/8/2024,Spring,55660,92.98,5,Service,Staff went above and beyond.
H340,Budget Haven,Texas,Budget,3,3/8/2024,Spring,50570,93.07,4.7,Food,Loved every meal served.
H341,Mountain Retreat,Colorado,Boutique,3,3/9/2024,Spring,27330,75.89,4.8,Service,Staff went above and beyond.
H342,The Grand Oak,California,Luxury,5,3/9/2024,Spring,32880,91.02,4.3,Food,Tasty and well-prepared dishes.
H343,Seaside Shores,Florida,Resort,4,3/9/2024,Spring,12580,85.11,4.8,Food,Tasty and well-prepared dishes.
H344,Metro Meridian,New York,Business,5,3/9/2024,Spring,96990,88.91,4.9,Cleanliness,Hygiene standards were top notch.
H345,Budget Haven,Texas,Budget,3,3/9/2024,Spring,106690,79.59,4,Service,"Staff was helpful, though not always available."
H346,Mountain Retreat,Colorado,Boutique,3,3/10/2024,Spring,41320,85.84,4.9,Cleanliness,Cleaned twice a day – amazing!
H347,The Grand Oak,California,Luxury,5,3/10/2024,Spring,44150,74.92,4.4,Food,Tasty and well-prepared dishes.
H348,Seaside Shores,Florida,Resort,4,3/10/2024,Spring,76580,89,3.2,Cleanliness,Found small hairs on carpet.
H349,Metro Meridian,New York,Business,5,3/10/2024,Spring,48880,71.48,4.9,Food,Tasty and well-prepared dishes.
H350,Budget Haven,Texas,Budget,3,3/10/2024,Spring,63800,96.88,3.9,Food,Food took a while to arrive.
H351,Mountain Retreat,Colorado,Boutique,3,3/11/2024,Spring,43110,95.63,4.7,Service,Staff went above and beyond.
H352,The Grand Oak,California,Luxury,5,3/11/2024,Spring,95850,82.05,3.1,Cleanliness,Found small hairs on carpet.
H353,Seaside Shores,Florida,Resort,4,3/11/2024,Spring,65570,74.11,4.8,Service,Exceptional staff and warm hospitality.
H354,Metro Meridian,New York,Business,5,3/11/2024,Spring,76000,81.92,4.3,Cleanliness,Hygiene standards were top notch.
H355,Budget Haven,Texas,Budget,3,3/11/2024,Spring,75810,82.36,3.1,Food,Food was average.
H356,Mountain Retreat,Colorado,Boutique,3,3/12/2024,Spring,123240,98.02,4.2,Cleanliness,Cleaned twice a day – amazing!
H357,The Grand Oak,California,Luxury,5,3/12/2024,Spring,106390,87.94,3.9,Food,Food took a while to arrive.
H358,Seaside Shores,Florida,Resort,4,3/12/2024,Spring,95710,79.55,3.7,Cleanliness,Clean enough for a short stay.
H359,Metro Meridian,New York,Business,5,3/12/2024,Spring,108820,83.86,2.7,Amenities,Okay. Nothing special.
H360,Budget Haven,Texas,Budget,3,3/12/2024,Spring,25740,91,5,Service,Always greeted with a smile.
H361,Mountain Retreat,Colorado,Boutique,3,3/13/2024,Spring,56750,87.57,4.2,Amenities,Lots of extras included.
H362,The Grand Oak,California,Luxury,5,3/13/2024,Spring,80400,96.25,3.2,Cleanliness,Room looked better than hallway.
H363,Seaside Shores,Florida,Resort,4,3/13/2024,Spring,11290,84.9,4.2,Cleanliness,So clean it felt brand new.
H364,Metro Meridian,New York,Business,5,3/13/2024,Spring,62730,84.15,4.4,Service,Exceptional staff and warm hospitality.
H365,Budget Haven,Texas,Budget,3,3/13/2024,Spring,57320,79.8,4.5,Cleanliness,So clean it felt brand new.
H366,Mountain Retreat,Colorado,Boutique,3,3/14/2024,Spring,107790,80,4.2,Service,Exceptional staff and warm hospitality.
H367,The Grand Oak,California,Luxury,5,3/14/2024,Spring,80070,77.16,4.4,Amenities,Lots of extras included.
H368,Seaside Shores,Florida,Resort,4,3/14/2024,Spring,77310,71.83,4.1,Amenities,Modern amenities and comfortable spaces.
H369,Metro Meridian,New York,Business,5,3/14/2024,Spring,12040,84.97,4.3,Cleanliness,So clean it felt brand new.
H370,Budget Haven,Texas,Budget,3,3/14/2024,Spring,81220,92.18,4.7,Service,Exceptional staff and warm hospitality.
H371,Mountain Retreat,Colorado,Boutique,3,3/15/2024,Spring,102050,75.27,4.8,Cleanliness,Cleaned twice a day – amazing!
H372,The Grand Oak,California,Luxury,5,3/15/2024,Spring,96380,73.69,3.8,Service,"Staff was helpful, though not always available."
H373,Seaside Shores,Florida,Resort,4,3/15/2024,Spring,86370,91.25,4.2,Cleanliness,Cleaned twice a day – amazing!
H374,Metro Meridian,New York,Business,5,3/15/2024,Spring,41420,74.26,4.7,Food,Loved every meal served.
H375,Budget Haven,Texas,Budget,3,3/15/2024,Spring,32240,79.06,3.5,Amenities,Modern amenities and comfortable spaces.
H376,Mountain Retreat,Colorado,Boutique,3,3/16/2024,Spring,38700,74.16,3.4,Food,Didn't match the 5 star reviews
H377,The Grand Oak,California,Luxury,5,3/16/2024,Spring,43150,86.61,3.8,Cleanliness,Clean enough for a short stay.
H378,Seaside Shores,Florida,Resort,4,3/16/2024,Spring,48190,71.23,4.7,Service,Always greeted with a smile.
H379,Metro Meridian,New York,Business,5,3/16/2024,Spring,108510,91.71,4.2,Cleanliness,So clean it felt brand new.
H380,Budget Haven,Texas,Budget,3,3/16/2024,Spring,105220,77.11,4.2,Service,Always greeted with a smile.
H381,Mountain Retreat,Colorado,Boutique,3,3/17/2024,Spring,20710,76.09,3.7,Cleanliness,Had to dust a bit but overall room was clean.
H382,The Grand Oak,California,Luxury,5,3/17/2024,Spring,66340,83.48,4.1,Amenities,Modern amenities and comfortable spaces.
H383,Seaside Shores,Florida,Resort,4,3/17/2024,Spring,20500,78.45,4.3,Amenities,Lots of extras included.
H384,Metro Meridian,New York,Business,5,3/17/2024,Spring,102150,93.99,4.7,Amenities,Lots of extras included.
H385,Budget Haven,Texas,Budget,3,3/17/2024,Spring,8760,73.22,4.5,Cleanliness,Hygiene standards were top notch.
H386,Mountain Retreat,Colorado,Boutique,3,3/18/2024,Spring,58400,99.6,4.7,Service,Exceptional staff and warm hospitality.
H387,The Grand Oak,California,Luxury,5,3/18/2024,Spring,33580,81.68,4.4,Amenities,Lots of extras included.
H388,Seaside Shores,Florida,Resort,4,3/18/2024,Spring,62590,89.04,4.3,Cleanliness,So clean it felt brand new.
H389,Metro Meridian,New York,Business,5,3/18/2024,Spring,44800,83.85,4.5,Cleanliness,So clean it felt brand new.
H390,Budget Haven,Texas,Budget,3,3/18/2024,Spring,20460,73.2,4.2,Cleanliness,Hygiene standards were top notch.
H391,Mountain Retreat,Colorado,Boutique,3,3/19/2024,Spring,80550,77.1,4.9,Food,Loved every meal served.
H392,The Grand Oak,California,Luxury,5,3/19/2024,Spring,8950,97.59,5,Food,Loved every meal served.
H393,Seaside Shores,Florida,Resort,4,3/19/2024,Spring,45740,80.39,3.9,Amenities,Modern amenities and comfortable spaces.
H394,Metro Meridian,New York,Business,5,3/19/2024,Spring,54830,98.66,3.9,Cleanliness,A little bit of trash was still left in trash can.
H395,Budget Haven,Texas,Budget,3,3/19/2024,Spring,32240,99.85,3.1,Amenities,Okay. Nothing special.
H396,Mountain Retreat,Colorado,Boutique,3,3/20/2024,Spring,54860,76.94,4.2,Service,Exceptional staff and warm hospitality.
H397,The Grand Oak,California,Luxury,5,3/20/2024,Spring,30280,70.74,3.2,Service,Slow check-in.
H398,Seaside Shores,Florida,Resort,4,3/20/2024,Spring,80940,78.64,4.8,Cleanliness,So clean it felt brand new.
H399,Metro Meridian,New York,Business,5,3/20/2024,Spring,111280,93.15,3.8,Food,Limited but decent selection.
H400,Budget Haven,Texas,Budget,3,3/20/2024,Spring,91240,84.99,3.5,Service,"Staff was helpful, though not always available."
H401,Mountain Retreat,Colorado,Boutique,3,3/21/2024,Spring,45500,74.21,5,Food,Loved every meal served.
H402,The Grand Oak,California,Luxury,5,3/21/2024,Spring,83680,91.82,3.5,Food,Food took a while to arrive.
H403,Seaside Shores,Florida,Resort,4,3/21/2024,Spring,53300,83.83,3.6,Cleanliness,Room was mostly clean.
H404,Metro Meridian,New York,Business,5,3/21/2024,Spring,108220,96.31,4.1,Service,"Staff was helpful, though not always available."
H405,Budget Haven,Texas,Budget,3,3/21/2024,Spring,17200,81.66,4.5,Cleanliness,Cleaned twice a day – amazing!
H406,Mountain Retreat,Colorado,Boutique,3,3/22/2024,Spring,58560,90.39,4,Cleanliness,Room could smell a little better.
H407,The Grand Oak,California,Luxury,5,3/22/2024,Spring,33390,70.89,3.3,Amenities,Very basic and outdated facilities.
H408,Seaside Shores,Florida,Resort,4,3/22/2024,Spring,120760,89.67,3.9,Service,"Staff was helpful, though not always available."
H409,Metro Meridian,New York,Business,5,3/22/2024,Spring,41020,70.18,4,Service,"Staff was helpful, though not always available."
H410,Budget Haven,Texas,Budget,3,3/22/2024,Spring,85100,76.1,3.7,Cleanliness,Room was mostly clean.
H411,Mountain Retreat,Colorado,Boutique,3,3/23/2024,Spring,34560,86.59,3.2,Cleanliness,Room looked better than hallway.
H412,The Grand Oak,California,Luxury,5,3/23/2024,Spring,122940,72.21,4.5,Food,Tasty and well-prepared dishes.
H413,Seaside Shores,Florida,Resort,4,3/23/2024,Spring,110340,94.47,4.2,Service,Staff went above and beyond.
H414,Metro Meridian,New York,Business,5,3/23/2024,Spring,19640,81.12,5,Amenities,Lots of extras included.
H415,Budget Haven,Texas,Budget,3,3/23/2024,Spring,113840,92.84,4,Cleanliness,Room was mostly clean.
H416,Mountain Retreat,Colorado,Boutique,3,3/24/2024,Spring,32970,75.1,4.9,Cleanliness,Hygiene standards were top notch.
H417,The Grand Oak,California,Luxury,5,3/24/2024,Spring,40490,76.33,4.5,Amenities,Top-notch amenities with everything you need.
H418,Seaside Shores,Florida,Resort,4,3/24/2024,Spring,74030,78.59,3.3,Amenities,"Felt like a hostel, not a hotel."
H419,Metro Meridian,New York,Business,5,3/24/2024,Spring,12070,93.68,3.7,Cleanliness,A little bit of trash was still left in trash can.
H420,Budget Haven,Texas,Budget,3,3/24/2024,Spring,123750,74.58,4,Cleanliness,Room was mostly clean.
H421,Mountain Retreat,Colorado,Boutique,3,3/25/2024,Spring,28180,74.14,3.1,Amenities,Very basic and outdated facilities.
H422,The Grand Oak,California,Luxury,5,3/25/2024,Spring,75400,86.48,4.9,Cleanliness,Hygiene standards were top notch.
H423,Seaside Shores,Florida,Resort,4,3/25/2024,Spring,99860,83.07,4,Food,Breakfast was limited but decent.
H424,Metro Meridian,New York,Business,5,3/25/2024,Spring,69820,80.82,4.4,Cleanliness,Hygiene standards were top notch.
H425,Budget Haven,Texas,Budget,3,3/25/2024,Spring,104000,98.25,4,Cleanliness,Clean enough for a short stay.
H426,Mountain Retreat,Colorado,Boutique,3,3/26/2024,Spring,108890,73.47,5,Food,Tasty and well-prepared dishes.
H427,The Grand Oak,California,Luxury,5,3/26/2024,Spring,34290,75.63,4.4,Cleanliness,Cleaned twice a day – amazing!
H428,Seaside Shores,Florida,Resort,4,3/26/2024,Spring,26600,93.24,4.7,Food,Loved every meal served.
H429,Metro Meridian,New York,Business,5,3/26/2024,Spring,38640,74.91,3.9,Cleanliness,Room could smell a little better.
H430,Budget Haven,Texas,Budget,3,3/26/2024,Spring,118900,87,4.8,Amenities,Top-notch amenities with everything you need.
H431,Mountain Retreat,Colorado,Boutique,3,3/27/2024,Spring,95180,84.4,4.1,Amenities,Modern amenities and comfortable spaces.
H432,The Grand Oak,California,Luxury,5,3/27/2024,Spring,25100,80.05,4.9,Amenities,Lots of extras included.
H433,Seaside Shores,Florida,Resort,4,3/27/2024,Spring,15720,80.17,5,Cleanliness,So clean it felt brand new.
H434,Metro Meridian,New York,Business,5,3/27/2024,Spring,61200,71.25,5,Cleanliness,Cleaned twice a day – amazing!
H435,Budget Haven,Texas,Budget,3,3/27/2024,Spring,121660,90.05,4.6,Service,Exceptional staff and warm hospitality.
H436,Mountain Retreat,Colorado,Boutique,3,3/28/2024,Spring,12420,88.55,3.3,Cleanliness,Found small hairs on carpet.
H437,The Grand Oak,California,Luxury,5,3/28/2024,Spring,48790,70.26,3.2,Cleanliness,Room looked better than hallway.
H438,Seaside Shores,Florida,Resort,4,3/28/2024,Spring,102870,99.79,4.7,Cleanliness,Hygiene standards were top notch.
H439,Metro Meridian,New York,Business,5,3/28/2024,Spring,101470,87.18,3.5,Service,"Staff was helpful, though not always available."
H440,Budget Haven,Texas,Budget,3,3/28/2024,Spring,56040,80.24,3.4,Food,Limited vegetarian options.
H441,Mountain Retreat,Colorado,Boutique,3,3/29/2024,Spring,83830,75.41,5,Food,Loved every meal served.
H442,The Grand Oak,California,Luxury,5,3/29/2024,Spring,119130,87.43,4.8,Amenities,Lots of extras included.
H443,Seaside Shores,Florida,Resort,4,3/29/2024,Spring,99140,93.16,3.7,Cleanliness,Room was mostly clean.
H444,Metro Meridian,New York,Business,5,3/29/2024,Spring,121580,98.58,4.9,Service,Exceptional staff and warm hospitality.
H445,Budget Haven,Texas,Budget,3,3/29/2024,Spring,103810,72.07,5,Amenities,Top-notch amenities with everything you need.
H446,Mountain Retreat,Colorado,Boutique,3,3/30/2024,Spring,57690,99.79,4.9,Cleanliness,Cleaned twice a day – amazing!
H447,The Grand Oak,California,Luxury,5,3/30/2024,Spring,97110,84.07,4.4,Food,Loved every meal served.
H448,Seaside Shores,Florida,Resort,4,3/30/2024,Spring,20340,85.99,3.3,Amenities,Very basic and outdated facilities.
H449,Metro Meridian,New York,Business,5,3/30/2024,Spring,104100,92.03,5,Cleanliness,Hygiene standards were top notch.
H450,Budget Haven,Texas,Budget,3,3/30/2024,Spring,21040,95.09,4.6,Cleanliness,Cleaned twice a day – amazing!
H451,Mountain Retreat,Colorado,Boutique,3,3/31/2024,Spring,65700,82.4,3.8,Service,"Staff was helpful, though not always available."
H452,The Grand Oak,California,Luxury,5,3/31/2024,Spring,16490,95.96,5,Cleanliness,Hygiene standards were top notch.
H453,Seaside Shores,Florida,Resort,4,3/31/2024,Spring,49380,80.74,4.1,Service,"Staff was helpful, though not always available."
H454,Metro Meridian,New York,Business,5,3/31/2024,Spring,32820,92.37,4.2,Cleanliness,Cleaned twice a day – amazing!
H455,Budget Haven,Texas,Budget,3,3/31/2024,Spring,11980,83.3,4,Food,Food took a while to arrive.
H456,Mountain Retreat,Colorado,Boutique,3,4/1/2024,Spring,97830,81.64,4.7,Food,Tasty and well-prepared dishes.
H457,The Grand Oak,California,Luxury,5,4/1/2024,Spring,48590,79.43,3.5,Amenities,Modern amenities and comfortable spaces.
H458,Seaside Shores,Florida,Resort,4,4/1/2024,Spring,71180,80.7,3.7,Food,Limited but decent selection.
H459,Metro Meridian,New York,Business,5,4/1/2024,Spring,112860,95.7,4.4,Cleanliness,Hygiene standards were top notch.
H460,Budget Haven,Texas,Budget,3,4/1/2024,Spring,89900,89.69,4.4,Cleanliness,Cleaned twice a day – amazing!
H461,Mountain Retreat,Colorado,Boutique,3,4/2/2024,Spring,117850,98.01,4.8,Cleanliness,Cleaned twice a day – amazing!
H462,The Grand Oak,California,Luxury,5,4/2/2024,Spring,98350,85.11,3.3,Amenities,Okay. Nothing special.
H463,Seaside Shores,Florida,Resort,4,4/2/2024,Spring,86390,81.06,4.9,Cleanliness,So clean it felt brand new.
H464,Metro Meridian,New York,Business,5,4/2/2024,Spring,105120,90.16,5,Amenities,Top-notch amenities with everything you need.
H465,Budget Haven,Texas,Budget,3,4/2/2024,Spring,59940,93.8,3.8,Food,Breakfast was limited but decent.
H466,Mountain Retreat,Colorado,Boutique,3,4/3/2024,Spring,17040,82.97,3.8,Amenities,Modern amenities and comfortable spaces.
H467,The Grand Oak,California,Luxury,5,4/3/2024,Spring,31760,98.41,4.6,Service,Staff went above and beyond.
H468,Seaside Shores,Florida,Resort,4,4/3/2024,Spring,47520,97.2,5,Food,Loved every meal served.
H469,Metro Meridian,New York,Business,5,4/3/2024,Spring,33670,75.81,4.7,Amenities,Top-notch amenities with everything you need.
H470,Budget Haven,Texas,Budget,3,4/3/2024,Spring,52330,81.51,4.1,Food,Limited but decent selection.
H471,Mountain Retreat,Colorado,Boutique,3,4/4/2024,Spring,21990,81.74,3.5,Cleanliness,Clean enough for a short stay.
H472,The Grand Oak,California,Luxury,5,4/4/2024,Spring,98130,80.97,4.6,Cleanliness,So clean it felt brand new.
H473,Seaside Shores,Florida,Resort,4,4/4/2024,Spring,93270,73.11,4.3,Cleanliness,So clean it felt brand new.
H474,Metro Meridian,New York,Business,5,4/4/2024,Spring,62430,86.53,3.2,Amenities,Some amenities were broken or missing.
H475,Budget Haven,Texas,Budget,3,4/4/2024,Spring,118760,82.17,4.1,Food,Breakfast was limited but decent.
H476,Mountain Retreat,Colorado,Boutique,3,4/5/2024,Spring,119730,81.68,4.8,Cleanliness,Cleaned twice a day – amazing!
H477,The Grand Oak,California,Luxury,5,4/5/2024,Spring,36130,74.56,4.4,Cleanliness,Hygiene standards were top notch.
H478,Seaside Shores,Florida,Resort,4,4/5/2024,Spring,19460,95.25,4.2,Service,Always greeted with a smile.
H479,Metro Meridian,New York,Business,5,4/5/2024,Spring,26090,85.23,4.7,Service,Always greeted with a smile.
H480,Budget Haven,Texas,Budget,3,4/5/2024,Spring,105810,97.62,4.4,Cleanliness,Hygiene standards were top notch.
H481,Mountain Retreat,Colorado,Boutique,3,4/6/2024,Spring,8160,93.01,3.5,Cleanliness,Had to dust a bit but overall room was clean.
H482,The Grand Oak,California,Luxury,5,4/6/2024,Spring,82940,96.18,4.8,Cleanliness,So clean it felt brand new.
H483,Seaside Shores,Florida,Resort,4,4/6/2024,Spring,25440,93.1,4.2,Food,Loved every meal served.
H484,Metro Meridian,New York,Business,5,4/6/2024,Spring,62530,90.48,3.9,Food,Breakfast was limited but decent.
H485,Budget Haven,Texas,Budget,3,4/6/2024,Spring,115980,72.7,3.8,Cleanliness,Clean enough for a short stay.
H486,Mountain Retreat,Colorado,Boutique,3,4/7/2024,Spring,31910,80.39,4.3,Cleanliness,Hygiene standards were top notch.
H487,The Grand Oak,California,Luxury,5,4/7/2024,Spring,72530,95.29,3.4,Food,Food took a while to arrive.
H488,Seaside Shores,Florida,Resort,4,4/7/2024,Spring,49540,87,4.1,Food,Limited but decent selection.
H489,Metro Meridian,New York,Business,5,4/7/2024,Spring,82910,94.55,3.2,Food,Limited vegetarian options.
H490,Budget Haven,Texas,Budget,3,4/7/2024,Spring,28450,72.4,5,Amenities,Lots of extras included.
H491,Mountain Retreat,Colorado,Boutique,3,4/8/2024,Spring,94930,80.28,4.7,Amenities,Lots of extras included.
H492,The Grand Oak,California,Luxury,5,4/8/2024,Spring,51120,94.9,4.7,Service,Exceptional staff and warm hospitality.
H493,Seaside Shores,Florida,Resort,4,4/8/2024,Spring,100090,94.59,4.8,Food,Loved every meal served.
H494,Metro Meridian,New York,Business,5,4/8/2024,Spring,85470,79.53,4.6,Food,Delicious meals with a lot of variety.
H495,Budget Haven,Texas,Budget,3,4/8/2024,Spring,65140,83.58,3.5,Cleanliness,Had to dust a bit but overall room was clean.
H496,Mountain Retreat,Colorado,Boutique,3,4/9/2024,Spring,88170,81.79,4.6,Cleanliness,So clean it felt brand new.
H497,The Grand Oak,California,Luxury,5,4/9/2024,Spring,63130,86.9,4.9,Service,Staff went above and beyond.
H498,Seaside Shores,Florida,Resort,4,4/9/2024,Spring,56020,93.26,4,Food,Limited but decent selection.
H499,Metro Meridian,New York,Business,5,4/9/2024,Spring,51080,77.52,3.2,Amenities,Some amenities were broken or missing.
H500,Budget Haven,Texas,Budget,3,4/9/2024,Spring,85590,75,3.3,Amenities,"Felt like a hostel, not a hotel."
H501,Mountain Retreat,Colorado,Boutique,3,4/10/2024,Spring,72160,98.15,5,Cleanliness,Hygiene standards were top notch.
H502,The Grand Oak,California,Luxury,5,4/10/2024,Spring,15100,95.61,4.2,Amenities,Top-notch amenities with everything you need.
H503,Seaside Shores,Florida,Resort,4,4/10/2024,Spring,69480,71.76,4.1,Cleanliness,Room was mostly clean.
H504,Metro Meridian,New York,Business,5,4/10/2024,Spring,59670,82.54,3.2,Amenities,Okay. Nothing special.
H505,Budget Haven,Texas,Budget,3,4/10/2024,Spring,121680,80.83,5,Amenities,Lots of extras included.
H506,Mountain Retreat,Colorado,Boutique,3,4/11/2024,Spring,34460,71.63,4.5,Cleanliness,Hygiene standards were top notch.
H507,The Grand Oak,California,Luxury,5,4/11/2024,Spring,92540,77,3,Service,Slow check-in.
H508,Seaside Shores,Florida,Resort,4,4/11/2024,Spring,11920,95.53,4,Food,Food took a while to arrive.
H509,Metro Meridian,New York,Business,5,4/11/2024,Spring,117660,76.48,4.3,Cleanliness,Hygiene standards were top notch.
H510,Budget Haven,Texas,Budget,3,4/11/2024,Spring,45940,71.75,4.8,Cleanliness,So clean it felt brand new.
H511,Mountain Retreat,Colorado,Boutique,3,4/12/2024,Spring,91690,93.71,4.9,Amenities,Lots of extras included.
H512,The Grand Oak,California,Luxury,5,4/12/2024,Spring,58600,81.4,3.7,Food,Breakfast was limited but decent.
H513,Seaside Shores,Florida,Resort,4,4/12/2024,Spring,57980,83.58,4.5,Cleanliness,So clean it felt brand new.
H514,Metro Meridian,New York,Business,5,4/12/2024,Spring,56590,96.27,2.9,Amenities,"Felt like a hostel, not a hotel."
H515,Budget Haven,Texas,Budget,3,4/12/2024,Spring,102530,90.53,3.5,Cleanliness,Room was mostly clean.
H516,Mountain Retreat,Colorado,Boutique,3,4/13/2024,Spring,111660,72.49,4.8,Food,Loved every meal served.
H517,The Grand Oak,California,Luxury,5,4/13/2024,Spring,25240,72.75,4.9,Service,Always greeted with a smile.
H518,Seaside Shores,Florida,Resort,4,4/13/2024,Spring,120980,72.56,3.9,Cleanliness,Room could smell a little better.
H519,Metro Meridian,New York,Business,5,4/13/2024,Spring,77120,70.32,4.1,Food,Food took a while to arrive.
H520,Budget Haven,Texas,Budget,3,4/13/2024,Spring,16920,85.24,3.8,Food,Breakfast was limited but decent.
H521,Mountain Retreat,Colorado,Boutique,3,4/14/2024,Spring,71350,96.29,4.7,Amenities,Lots of extras included.
H522,The Grand Oak,California,Luxury,5,4/14/2024,Spring,10460,78.42,2.7,Cleanliness,Room looked better than hallway.
H523,Seaside Shores,Florida,Resort,4,4/14/2024,Spring,67000,86.77,4.3,Cleanliness,Cleaned twice a day – amazing!
H524,Metro Meridian,New York,Business,5,4/14/2024,Spring,81640,85.46,3.7,Amenities,Modern amenities and comfortable spaces.
H525,Budget Haven,Texas,Budget,3,4/14/2024,Spring,21180,90.12,4.4,Food,Tasty and well-prepared dishes.
H526,Mountain Retreat,Colorado,Boutique,3,4/15/2024,Spring,21270,77.14,5,Amenities,Lots of extras included.
H527,The Grand Oak,California,Luxury,5,4/15/2024,Spring,83120,87.44,4.3,Service,Always greeted with a smile.
H528,Seaside Shores,Florida,Resort,4,4/15/2024,Spring,29180,97.61,4.7,Amenities,Lots of extras included.
H529,Metro Meridian,New York,Business,5,4/15/2024,Spring,113970,88.05,4,Food,Breakfast was limited but decent.
H530,Budget Haven,Texas,Budget,3,4/15/2024,Spring,29920,98.3,3.9,Location,Short walk to everywhere.
H531,Mountain Retreat,Colorado,Boutique,3,4/16/2024,Spring,18720,96.65,5,Service,Always greeted with a smile.
H532,The Grand Oak,California,Luxury,5,4/16/2024,Spring,66100,80.01,3.9,Service,"Staff was helpful, though not always available."
H533,Seaside Shores,Florida,Resort,4,4/16/2024,Spring,117490,87.1,3.7,Food,Breakfast was limited but decent.
H534,Metro Meridian,New York,Business,5,4/16/2024,Spring,53900,83.16,4.6,Service,Exceptional staff and warm hospitality.
H535,Budget Haven,Texas,Budget,3,4/16/2024,Spring,10210,91.39,5,Service,Always greeted with a smile.
H536,Mountain Retreat,Colorado,Boutique,3,4/17/2024,Spring,31610,76.59,4.6,Service,Exceptional staff and warm hospitality.
H537,The Grand Oak,California,Luxury,5,4/17/2024,Spring,57260,88.43,3.7,Location,Excellent for walking everywhere.
H538,Seaside Shores,Florida,Resort,4,4/17/2024,Spring,45480,90.33,5,Food,Tasty and well-prepared dishes.
H539,Metro Meridian,New York,Business,5,4/17/2024,Spring,30060,70.93,5,Service,Staff went above and beyond.
H540,Budget Haven,Texas,Budget,3,4/17/2024,Spring,20790,91.11,5,Amenities,Lots of extras included.
H541,Mountain Retreat,Colorado,Boutique,3,4/18/2024,Spring,82090,95.87,4.4,Service,Always greeted with a smile.
H542,The Grand Oak,California,Luxury,5,4/18/2024,Spring,36810,71.93,4.4,Cleanliness,So clean it felt brand new.
H543,Seaside Shores,Florida,Resort,4,4/18/2024,Spring,88960,85.36,3.5,Cleanliness,Room could smell a little better.
H544,Metro Meridian,New York,Business,5,4/18/2024,Spring,121840,94.95,4.8,Service,Staff went above and beyond.
H545,Budget Haven,Texas,Budget,3,4/18/2024,Spring,27450,86.62,4.1,Food,Breakfast was limited but decent.
H546,Mountain Retreat,Colorado,Boutique,3,4/19/2024,Spring,78190,73.89,4.7,Cleanliness,Hygiene standards were top notch.
H547,The Grand Oak,California,Luxury,5,4/19/2024,Spring,30920,79.75,4.8,Cleanliness,Cleaned twice a day – amazing!
H548,Seaside Shores,Florida,Resort,4,4/19/2024,Spring,36120,71.37,3.7,Amenities,Modern amenities and comfortable spaces.
H549,Metro Meridian,New York,Business,5,4/19/2024,Spring,26460,81.53,5,Cleanliness,Hygiene standards were top notch.
H550,Budget Haven,Texas,Budget,3,4/19/2024,Spring,67560,95.53,3.8,Cleanliness,Room could smell a little better.
H551,Mountain Retreat,Colorado,Boutique,3,4/20/2024,Spring,115820,90.01,4.4,Service,Always greeted with a smile.
H552,The Grand Oak,California,Luxury,5,4/20/2024,Spring,71190,76.08,4,Cleanliness,Room could smell a little better.
H553,Seaside Shores,Florida,Resort,4,4/20/2024,Spring,74560,74.91,5,Amenities,Top-notch amenities with everything you need.
H554,Metro Meridian,New York,Business,5,4/20/2024,Spring,121200,85.99,4.5,Food,Loved every meal served.
H555,Budget Haven,Texas,Budget,3,4/20/2024,Spring,83860,71.98,4,Service,"Staff was helpful, though not always available."
H556,Mountain Retreat,Colorado,Boutique,3,4/21/2024,Spring,8180,91.57,4.7,Service,Exceptional staff and warm hospitality.
H557,The Grand Oak,California,Luxury,5,4/21/2024,Spring,92270,74.69,4.1,Food,Food took a while to arrive.
H558,Seaside Shores,Florida,Resort,4,4/21/2024,Spring,69440,90.43,4,Cleanliness,Room was mostly clean.
H559,Metro Meridian,New York,Business,5,4/21/2024,Spring,60080,83.37,4,Cleanliness,Clean enough for a short stay.
H560,Budget Haven,Texas,Budget,3,4/21/2024,Spring,98260,72.53,5,Service,Always greeted with a smile.
H561,Mountain Retreat,Colorado,Boutique,3,4/22/2024,Spring,102550,86.34,4.8,Cleanliness,Cleaned twice a day – amazing!
H562,The Grand Oak,California,Luxury,5,4/22/2024,Spring,118790,73.75,3.2,Service,Slow check-in.
H563,Seaside Shores,Florida,Resort,4,4/22/2024,Spring,85390,92.56,4.5,Food,Tasty and well-prepared dishes.
H564,Metro Meridian,New York,Business,5,4/22/2024,Spring,119110,92.57,3.2,Amenities,Okay. Nothing special.
H565,Budget Haven,Texas,Budget,3,4/22/2024,Spring,76750,79.39,5,Amenities,Top-notch amenities with everything you need.
H566,Mountain Retreat,Colorado,Boutique,3,4/23/2024,Spring,14940,96.68,3.8,Cleanliness,Room was mostly clean.
H567,The Grand Oak,California,Luxury,5,4/23/2024,Spring,91180,82.72,4.8,Cleanliness,Hygiene standards were top notch.
H568,Seaside Shores,Florida,Resort,4,4/23/2024,Spring,69150,83.64,3.5,Food,Breakfast was limited but decent.
H569,Metro Meridian,New York,Business,5,4/23/2024,Spring,54270,86.16,4,Service,"Staff was helpful, though not always available."
H570,Budget Haven,Texas,Budget,3,4/23/2024,Spring,40660,83.76,5,Amenities,Top-notch amenities with everything you need.
H571,Mountain Retreat,Colorado,Boutique,3,4/24/2024,Spring,98820,95.04,4.5,Food,Loved every meal served.
H572,The Grand Oak,California,Luxury,5,4/24/2024,Spring,36720,98.42,5,Cleanliness,Cleaned twice a day – amazing!
H573,Seaside Shores,Florida,Resort,4,4/24/2024,Spring,13370,93.23,4.5,Cleanliness,Cleaned twice a day – amazing!
H574,Metro Meridian,New York,Business,5,4/24/2024,Spring,8210,77.62,4.8,Cleanliness,So clean it felt brand new.
H575,Budget Haven,Texas,Budget,3,4/24/2024,Spring,28470,73.32,3.7,Cleanliness,Room could smell a little better.
H576,Mountain Retreat,Colorado,Boutique,3,4/25/2024,Spring,46580,90.18,4.1,Food,Food took a while to arrive.
H577,The Grand Oak,California,Luxury,5,4/25/2024,Spring,117240,78.47,5,Service,Always greeted with a smile.
H578,Seaside Shores,Florida,Resort,4,4/25/2024,Spring,109610,99.59,4.2,Cleanliness,Cleaned twice a day – amazing!
H579,Metro Meridian,New York,Business,5,4/25/2024,Spring,116920,97.5,5,Cleanliness,Cleaned twice a day – amazing!
H580,Budget Haven,Texas,Budget,3,4/25/2024,Spring,51660,89.6,4.5,Cleanliness,Cleaned twice a day – amazing!
H581,Mountain Retreat,Colorado,Boutique,3,4/26/2024,Spring,115350,80.95,5,Service,Exceptional staff and warm hospitality.
H582,The Grand Oak,California,Luxury,5,4/26/2024,Spring,92360,74.16,4.1,Food,Food took a while to arrive.
H583,Seaside Shores,Florida,Resort,4,4/26/2024,Spring,41330,99.85,3.3,Food,Didn't match the 5 star reviews
H584,Metro Meridian,New York,Business,5,4/26/2024,Spring,9010,96.3,3.8,Cleanliness,Had to dust a bit but overall room was clean.
H585,Budget Haven,Texas,Budget,3,4/26/2024,Spring,119490,85.98,3.6,Food,Limited but decent selection.
H586,Mountain Retreat,Colorado,Boutique,3,4/27/2024,Spring,113830,84.37,3.8,Cleanliness,Clean enough for a short stay.
H587,The Grand Oak,California,Luxury,5,4/27/2024,Spring,51450,93.56,5,Cleanliness,Cleaned twice a day – amazing!
H588,Seaside Shores,Florida,Resort,4,4/27/2024,Spring,73800,84.61,4.9,Amenities,Top-notch amenities with everything you need.
H589,Metro Meridian,New York,Business,5,4/27/2024,Spring,96370,85.44,4.7,Amenities,Top-notch amenities with everything you need.
H590,Budget Haven,Texas,Budget,3,4/27/2024,Spring,22170,72.82,4.8,Cleanliness,Cleaned twice a day – amazing!
H591,Mountain Retreat,Colorado,Boutique,3,4/28/2024,Spring,85370,87.62,4.1,Amenities,Modern amenities and comfortable spaces.
H592,The Grand Oak,California,Luxury,5,4/28/2024,Spring,94550,93.8,3.7,Service,"Staff was helpful, though not always available."
H593,Seaside Shores,Florida,Resort,4,4/28/2024,Spring,8670,70.1,3.8,Amenities,Modern amenities and comfortable spaces.
H594,Metro Meridian,New York,Business,5,4/28/2024,Spring,96280,82.07,3.8,Cleanliness,Room was mostly clean.
H595,Budget Haven,Texas,Budget,3,4/28/2024,Spring,21410,75.68,4.9,Service,Staff went above and beyond.
H596,Mountain Retreat,Colorado,Boutique,3,4/29/2024,Spring,122180,72.14,3.8,Cleanliness,A little bit of trash was still left in trash can.
H597,The Grand Oak,California,Luxury,5,4/29/2024,Spring,42500,84.91,4.2,Amenities,Top-notch amenities with everything you need.
H598,Seaside Shores,Florida,Resort,4,4/29/2024,Spring,109900,79.87,4.1,Cleanliness,Room was mostly clean.
H599,Metro Meridian,New York,Business,5,4/29/2024,Spring,115620,92.81,4.5,Cleanliness,Cleaned twice a day – amazing!
H600,Budget Haven,Texas,Budget,3,4/29/2024,Spring,95320,90.32,3.6,Food,Breakfast was limited but decent.
H601,Mountain Retreat,Colorado,Boutique,3,4/30/2024,Spring,109390,88.56,3.8,Service,"Staff was helpful, though not always available."
H602,The Grand Oak,California,Luxury,5,4/30/2024,Spring,8080,81.38,5,Amenities,Lots of extras included.
H603,Seaside Shores,Florida,Resort,4,4/30/2024,Spring,100800,75.61,4.1,Cleanliness,Room could smell a little better.
H604,Metro Meridian,New York,Business,5,4/30/2024,Spring,77120,77.14,4.8,Cleanliness,Cleaned twice a day – amazing!
H605,Budget Haven,Texas,Budget,3,4/30/2024,Spring,89600,76.37,2.7,Amenities,Very basic and outdated facilities.
H606,Mountain Retreat,Colorado,Boutique,3,5/1/2024,Spring,87260,98.55,5,Cleanliness,Cleaned twice a day – amazing!
H607,The Grand Oak,California,Luxury,5,5/1/2024,Spring,43370,80.23,3.9,Cleanliness,Hygiene standards were top notch.
H608,Seaside Shores,Florida,Resort,4,5/1/2024,Spring,104950,76.27,4.8,Cleanliness,Hygiene standards were top notch.
H609,Metro Meridian,New York,Business,5,5/1/2024,Spring,14130,95.15,4.7,Cleanliness,Hygiene standards were top notch.
H610,Budget Haven,Texas,Budget,3,5/1/2024,Spring,62000,82.73,3.8,Service,"Staff was helpful, though not always available."
H611,Mountain Retreat,Colorado,Boutique,3,5/2/2024,Spring,117300,88.93,4.3,Amenities,Lots of extras included.
H612,The Grand Oak,California,Luxury,5,5/2/2024,Spring,50110,92.85,3.7,Food,Food took a while to arrive.
H613,Seaside Shores,Florida,Resort,4,5/2/2024,Spring,46370,71.57,5,Service,Staff went above and beyond.
H614,Metro Meridian,New York,Business,5,5/2/2024,Spring,31590,88.98,3.8,Cleanliness,Room could smell a little better.
H615,Budget Haven,Texas,Budget,3,5/2/2024,Spring,76130,88.71,4.5,Cleanliness,So clean it felt brand new.
H616,Mountain Retreat,Colorado,Boutique,3,5/3/2024,Spring,66110,85.2,4.4,Cleanliness,Cleaned twice a day – amazing!
H617,The Grand Oak,California,Luxury,5,5/3/2024,Spring,76450,80.03,4,Food,Breakfast was limited but decent.
H618,Seaside Shores,Florida,Resort,4,5/3/2024,Spring,74190,89.52,4.3,Cleanliness,Hygiene standards were top notch.
H619,Metro Meridian,New York,Business,5,5/3/2024,Spring,46160,96.68,4.1,Cleanliness,A little bit of trash was still left in trash can.
H620,Budget Haven,Texas,Budget,3,5/3/2024,Spring,84820,96.94,4.1,Amenities,Modern amenities and comfortable spaces.
H621,Mountain Retreat,Colorado,Boutique,3,5/4/2024,Spring,112020,76.62,3.7,Cleanliness,Had to dust a bit but overall room was clean.
H622,The Grand Oak,California,Luxury,5,5/4/2024,Spring,45610,93.58,3.7,Service,"Staff was helpful, though not always available."
H623,Seaside Shores,Florida,Resort,4,5/4/2024,Spring,74730,94.84,4.4,Amenities,All amenities in great working condition.
H624,Metro Meridian,New York,Business,5,5/4/2024,Spring,50220,85.52,4.9,Cleanliness,So clean it felt brand new.
H625,Budget Haven,Texas,Budget,3,5/4/2024,Spring,114700,88.64,3.3,Food,Didn't match the 5 star reviews
H626,Mountain Retreat,Colorado,Boutique,3,5/5/2024,Spring,124710,82.27,4.6,Food,Tasty and well-prepared dishes.
H627,The Grand Oak,California,Luxury,5,5/5/2024,Spring,18340,81.6,4.7,Service,Staff went above and beyond.
H628,Seaside Shores,Florida,Resort,4,5/5/2024,Spring,47590,84.36,4.5,Cleanliness,So clean it felt brand new.
H629,Metro Meridian,New York,Business,5,5/5/2024,Spring,27620,78.46,5,Cleanliness,Hygiene standards were top notch.
H630,Budget Haven,Texas,Budget,3,5/5/2024,Spring,123010,86.08,4.1,Cleanliness,Room could smell a little better.
H631,Mountain Retreat,Colorado,Boutique,3,5/6/2024,Spring,40940,86.58,4.4,Service,Exceptional staff and warm hospitality.
H632,The Grand Oak,California,Luxury,5,5/6/2024,Spring,74120,82.17,5,Service,Always greeted with a smile.
H633,Seaside Shores,Florida,Resort,4,5/6/2024,Spring,116920,72.98,4.6,Service,Exceptional staff and warm hospitality.
H634,Metro Meridian,New York,Business,5,5/6/2024,Spring,79280,95.49,2.9,Amenities,Some amenities were broken or missing.
H635,Budget Haven,Texas,Budget,3,5/6/2024,Spring,100920,78.54,4.4,Cleanliness,Hygiene standards were top notch.
H636,Mountain Retreat,Colorado,Boutique,3,5/7/2024,Spring,57290,98.34,5,Amenities,Top-notch amenities with everything you need.
H637,The Grand Oak,California,Luxury,5,5/7/2024,Spring,77680,92.22,5,Cleanliness,Cleaned twice a day – amazing!
H638,Seaside Shores,Florida,Resort,4,5/7/2024,Spring,8970,93.03,4.3,Service,Always greeted with a smile.
H639,Metro Meridian,New York,Business,5,5/7/2024,Spring,109820,80.37,4,Cleanliness,A little bit of trash was still left in trash can.
H640,Budget Haven,Texas,Budget,3,5/7/2024,Spring,103570,97.62,5,Food,Loved every meal served.
H641,Mountain Retreat,Colorado,Boutique,3,5/8/2024,Spring,39400,76.41,3.8,Food,Food took a while to arrive.
H642,The Grand Oak,California,Luxury,5,5/8/2024,Spring,55760,75.97,3.4,Amenities,Okay. Nothing special.
H643,Seaside Shores,Florida,Resort,4,5/8/2024,Spring,90250,89.41,3.9,Cleanliness,Clean enough for a short stay.
H644,Metro Meridian,New York,Business,5,5/8/2024,Spring,113870,71.19,5,Cleanliness,Cleaned twice a day – amazing!
H645,Budget Haven,Texas,Budget,3,5/8/2024,Spring,24080,97.52,3.5,Food,Food took a while to arrive.
H646,Mountain Retreat,Colorado,Boutique,3,5/9/2024,Spring,31160,77.02,4.8,Cleanliness,Hygiene standards were top notch.
H647,The Grand Oak,California,Luxury,5,5/9/2024,Spring,49900,94.18,4.3,Amenities,Top-notch amenities with everything you need.
H648,Seaside Shores,Florida,Resort,4,5/9/2024,Spring,50300,75.2,4.8,Service,Staff went above and beyond.
H649,Metro Meridian,New York,Business,5,5/9/2024,Spring,96090,99.13,3.7,Service,"Staff was helpful, though not always available."
H650,Budget Haven,Texas,Budget,3,5/9/2024,Spring,64280,89.55,4.3,Amenities,Top-notch amenities with everything you need.
H651,Mountain Retreat,Colorado,Boutique,3,5/10/2024,Spring,11100,95.75,4.1,Food,Food took a while to arrive.
H652,The Grand Oak,California,Luxury,5,5/10/2024,Spring,31730,78.36,3.9,Service,"Staff was helpful, though not always available."
H653,Seaside Shores,Florida,Resort,4,5/10/2024,Spring,39400,93.52,3.9,Service,"Staff was helpful, though not always available."
H654,Metro Meridian,New York,Business,5,5/10/2024,Spring,45140,76.47,4.4,Service,Always greeted with a smile.
H655,Budget Haven,Texas,Budget,3,5/10/2024,Spring,85510,98.12,4.1,Amenities,Modern amenities and comfortable spaces.
H656,Mountain Retreat,Colorado,Boutique,3,5/11/2024,Spring,42380,93.58,4.2,Cleanliness,Cleaned twice a day – amazing!
H657,The Grand Oak,California,Luxury,5,5/11/2024,Spring,11720,95.72,5,Food,Tasty and well-prepared dishes.
H658,Seaside Shores,Florida,Resort,4,5/11/2024,Spring,33090,98.81,3.8,Food,Limited but decent selection.
H659,Metro Meridian,New York,Business,5,5/11/2024,Spring,109080,78.24,3.7,Food,Food took a while to arrive.
H660,Budget Haven,Texas,Budget,3,5/11/2024,Spring,102020,96.49,4.9,Food,Tasty and well-prepared dishes.
H661,Mountain Retreat,Colorado,Boutique,3,5/12/2024,Spring,14370,96.13,4.4,Service,Always greeted with a smile.
H662,The Grand Oak,California,Luxury,5,5/12/2024,Spring,55460,82.17,4,Amenities,Modern amenities and comfortable spaces.
H663,Seaside Shores,Florida,Resort,4,5/12/2024,Spring,99320,73.56,3.2,Cleanliness,Had to dust a bit but overall room was clean.
H664,Metro Meridian,New York,Business,5,5/12/2024,Spring,119280,98.72,4.4,Service,Staff went above and beyond.
H665,Budget Haven,Texas,Budget,3,5/12/2024,Spring,63140,89.97,4.8,Cleanliness,Cleaned twice a day – amazing!
H666,Mountain Retreat,Colorado,Boutique,3,5/13/2024,Spring,85170,99.36,4.8,Food,Tasty and well-prepared dishes.
H667,The Grand Oak,California,Luxury,5,5/13/2024,Spring,29970,71.46,5,Amenities,Lots of extras included.
H668,Seaside Shores,Florida,Resort,4,5/13/2024,Spring,20950,70.74,3.6,Food,Food took a while to arrive.
H669,Metro Meridian,New York,Business,5,5/13/2024,Spring,112790,71.36,4.8,Cleanliness,So clean it felt brand new.
H670,Budget Haven,Texas,Budget,3,5/13/2024,Spring,80460,90.96,4.1,Cleanliness,Felt very sanitary and fresh.
H671,Mountain Retreat,Colorado,Boutique,3,5/14/2024,Spring,96580,76.43,4.5,Amenities,Lots of extras included.
H672,The Grand Oak,California,Luxury,5,5/14/2024,Spring,20790,90.94,4.3,Cleanliness,Hygiene standards were top notch.
H673,Seaside Shores,Florida,Resort,4,5/14/2024,Spring,14730,79.45,4.3,Amenities,Lots of extras included.
H674,Metro Meridian,New York,Business,5,5/14/2024,Spring,85170,74.32,4.9,Food,Tasty and well-prepared dishes.
H675,Budget Haven,Texas,Budget,3,5/14/2024,Spring,14630,82.88,4.3,Amenities,Top-notch amenities with everything you need.
H676,Mountain Retreat,Colorado,Boutique,3,5/15/2024,Spring,93450,74.43,5,Amenities,Lots of extras included.
H677,The Grand Oak,California,Luxury,5,5/15/2024,Spring,76170,97.76,3.7,Cleanliness,A little bit of trash was still left in trash can.
H678,Seaside Shores,Florida,Resort,4,5/15/2024,Spring,44780,90.23,4.5,Service,Staff went above and beyond.
H679,Metro Meridian,New York,Business,5,5/15/2024,Spring,102660,99.35,3.7,Food,Breakfast was limited but decent.
H680,Budget Haven,Texas,Budget,3,5/15/2024,Spring,24710,91.48,5,Cleanliness,Hygiene standards were top notch.
H681,Mountain Retreat,Colorado,Boutique,3,5/16/2024,Spring,19710,81.01,4.4,Service,Very responsive front desk.
H682,The Grand Oak,California,Luxury,5,5/16/2024,Spring,15100,74,4.7,Cleanliness,So clean it felt brand new.
H683,Seaside Shores,Florida,Resort,4,5/16/2024,Spring,101990,86.88,4.1,Food,Food took a while to arrive.
H684,Metro Meridian,New York,Business,5,5/16/2024,Spring,67880,70.72,5,Amenities,Top-notch amenities with everything you need.
H685,Budget Haven,Texas,Budget,3,5/16/2024,Spring,102900,73.34,4.5,Cleanliness,Hygiene standards were top notch.
H686,Mountain Retreat,Colorado,Boutique,3,5/17/2024,Spring,16170,97.64,4.3,Cleanliness,Cleaned twice a day – amazing!
H687,The Grand Oak,California,Luxury,5,5/17/2024,Spring,123050,99.97,3.9,Amenities,Modern amenities and comfortable spaces.
H688,Seaside Shores,Florida,Resort,4,5/17/2024,Spring,16080,77.83,3.6,Cleanliness,Had to dust a bit but overall room was clean.
H689,Metro Meridian,New York,Business,5,5/17/2024,Spring,60320,90.15,3.9,Amenities,Modern amenities and comfortable spaces.
H690,Budget Haven,Texas,Budget,3,5/17/2024,Spring,103580,81.52,4.7,Cleanliness,Cleaned twice a day – amazing!
H691,Mountain Retreat,Colorado,Boutique,3,5/18/2024,Spring,13080,81.15,4.1,Location,Close to restaurants and nightlife.
H692,The Grand Oak,California,Luxury,5,5/18/2024,Spring,80670,98.05,4.8,Amenities,Lots of extras included.
H693,Seaside Shores,Florida,Resort,4,5/18/2024,Spring,69070,82.13,3.6,Food,Breakfast was limited but decent.
H694,Metro Meridian,New York,Business,5,5/18/2024,Spring,25160,86.7,4.1,Food,Food took a while to arrive.
H695,Budget Haven,Texas,Budget,3,5/18/2024,Spring,113950,99.49,3.7,Service,"Staff was helpful, though not always available."
H696,Mountain Retreat,Colorado,Boutique,3,5/19/2024,Spring,103500,72.94,4.7,Cleanliness,So clean it felt brand new.
H697,The Grand Oak,California,Luxury,5,5/19/2024,Spring,91460,88.56,4.1,Food,Breakfast was limited but decent.
H698,Seaside Shores,Florida,Resort,4,5/19/2024,Spring,51480,90.59,4.5,Cleanliness,So clean it felt brand new.
H699,Metro Meridian,New York,Business,5,5/19/2024,Spring,89880,81.06,5,Service,Exceptional staff and warm hospitality.
H700,Budget Haven,Texas,Budget,3,5/19/2024,Spring,45640,99.06,4.7,Service,Always greeted with a smile.
H701,Mountain Retreat,Colorado,Boutique,3,5/20/2024,Spring,117400,96.35,4.3,Service,Always greeted with a smile.
H702,The Grand Oak,California,Luxury,5,5/20/2024,Spring,121460,74.81,3.7,Cleanliness,Had to dust a bit but overall room was clean.
H703,Seaside Shores,Florida,Resort,4,5/20/2024,Spring,94100,84.35,4,Cleanliness,A little bit of trash was still left in trash can.
H704,Metro Meridian,New York,Business,5,5/20/2024,Spring,89980,82.92,3.6,Amenities,Modern amenities and comfortable spaces.
H705,Budget Haven,Texas,Budget,3,5/20/2024,Spring,69770,81.87,4,Food,Food took a while to arrive.
H706,Mountain Retreat,Colorado,Boutique,3,5/21/2024,Spring,26700,77.88,5,Cleanliness,Hygiene standards were top notch.
H707,The Grand Oak,California,Luxury,5,5/21/2024,Spring,92780,95.78,5,Cleanliness,Hygiene standards were top notch.
H708,Seaside Shores,Florida,Resort,4,5/21/2024,Spring,120490,77.18,4,Location,Perfect spot for our trip.
H709,Metro Meridian,New York,Business,5,5/21/2024,Spring,30800,78.96,3.3,Amenities,Some amenities were broken or missing.
H710,Budget Haven,Texas,Budget,3,5/21/2024,Spring,91260,95.93,3.8,Cleanliness,Clean enough for a short stay.
H711,Mountain Retreat,Colorado,Boutique,3,5/22/2024,Spring,55800,90.23,3.6,Cleanliness,Room could smell a little better.
H712,The Grand Oak,California,Luxury,5,5/22/2024,Spring,50280,93.8,3.1,Service,Slow check-in.
H713,Seaside Shores,Florida,Resort,4,5/22/2024,Spring,92060,75,5,Service,Exceptional staff and warm hospitality.
H714,Metro Meridian,New York,Business,5,5/22/2024,Spring,41910,82.91,3.7,Food,Breakfast was limited but decent.
H715,Budget Haven,Texas,Budget,3,5/22/2024,Spring,74150,94.17,4.3,Cleanliness,Cleaned twice a day – amazing!
H716,Mountain Retreat,Colorado,Boutique,3,5/23/2024,Spring,105100,87.58,4.6,Cleanliness,Cleaned twice a day – amazing!
H717,The Grand Oak,California,Luxury,5,5/23/2024,Spring,70100,78.62,3.4,Food,Limited vegetarian options.
H718,Seaside Shores,Florida,Resort,4,5/23/2024,Spring,27660,83.26,4.7,Amenities,Lots of extras included.
H719,Metro Meridian,New York,Business,5,5/23/2024,Spring,122260,73.73,4,Cleanliness,Room was mostly clean.
H720,Budget Haven,Texas,Budget,3,5/23/2024,Spring,44150,72.57,4.7,Food,Loved every meal served.
H721,Mountain Retreat,Colorado,Boutique,3,5/24/2024,Spring,78280,82.47,4.7,Service,Always greeted with a smile.
H722,The Grand Oak,California,Luxury,5,5/24/2024,Spring,84740,89.24,3.7,Cleanliness,Had to dust a bit but overall room was clean.
H723,Seaside Shores,Florida,Resort,4,5/24/2024,Spring,105340,83.69,4.3,Cleanliness,Cleaned twice a day – amazing!
H724,Metro Meridian,New York,Business,5,5/24/2024,Spring,61820,74.12,3.7,Service,"Staff was helpful, though not always available."
H725,Budget Haven,Texas,Budget,3,5/24/2024,Spring,55160,81.43,4,Cleanliness,Room could smell a little better.
H726,Mountain Retreat,Colorado,Boutique,3,5/25/2024,Spring,59870,71.4,4,Amenities,Modern amenities and comfortable spaces.
H727,The Grand Oak,California,Luxury,5,5/25/2024,Spring,103020,84.28,4,Cleanliness,Clean enough for a short stay.
H728,Seaside Shores,Florida,Resort,4,5/25/2024,Spring,118020,87.92,3.6,Food,Limited but decent selection.
H729,Metro Meridian,New York,Business,5,5/25/2024,Spring,76700,79.35,4.1,Cleanliness,Room was mostly clean.
H730,Budget Haven,Texas,Budget,3,5/25/2024,Spring,46780,83.9,4.2,Cleanliness,Cleaned twice a day – amazing!
H731,Mountain Retreat,Colorado,Boutique,3,5/26/2024,Spring,101780,76.05,3.2,Service,Slow check-in.
H732,The Grand Oak,California,Luxury,5,5/26/2024,Spring,9570,75.72,4.4,Food,Tasty and well-prepared dishes.
H733,Seaside Shores,Florida,Resort,4,5/26/2024,Spring,52580,99.57,4.7,Location,Excellent for walking everywhere.
H734,Metro Meridian,New York,Business,5,5/26/2024,Spring,7680,77.87,4.6,Amenities,Top-notch amenities with everything you need.
H735,Budget Haven,Texas,Budget,3,5/26/2024,Spring,62800,76.42,4.9,Cleanliness,Hygiene standards were top notch.
H736,Mountain Retreat,Colorado,Boutique,3,5/27/2024,Spring,121650,91.31,3.9,Cleanliness,Clean enough for a short stay.
H737,The Grand Oak,California,Luxury,5,5/27/2024,Spring,116460,86.7,4.7,Service,Very responsive front desk.
H738,Seaside Shores,Florida,Resort,4,5/27/2024,Spring,116150,97.82,4.7,Amenities,Lots of extras included.
H739,Metro Meridian,New York,Business,5,5/27/2024,Spring,59870,87.83,4.3,Service,Exceptional staff and warm hospitality.
H740,Budget Haven,Texas,Budget,3,5/27/2024,Spring,111380,91.4,4.5,Cleanliness,So clean it felt brand new.
H741,Mountain Retreat,Colorado,Boutique,3,5/28/2024,Spring,12350,90.26,3.2,Amenities,Some amenities were broken or missing.
H742,The Grand Oak,California,Luxury,5,5/28/2024,Spring,17000,78.52,3.8,Food,Limited but decent selection.
H743,Seaside Shores,Florida,Resort,4,5/28/2024,Spring,87990,70.42,3.4,Cleanliness,Found small hairs on carpet.
H744,Metro Meridian,New York,Business,5,5/28/2024,Spring,85150,71.36,4.2,Cleanliness,Clean enough for a short stay.
H745,Budget Haven,Texas,Budget,3,5/28/2024,Spring,36490,81.75,3.1,Amenities,"Felt like a hostel, not a hotel."
H746,Mountain Retreat,Colorado,Boutique,3,5/29/2024,Spring,72470,82.66,4.8,Amenities,"Loved the spa, gym, and pool."
H747,The Grand Oak,California,Luxury,5,5/29/2024,Spring,15140,81.57,4.4,Amenities,Lots of extras included.
H748,Seaside Shores,Florida,Resort,4,5/29/2024,Spring,108150,81.51,4.6,Cleanliness,Hygiene standards were top notch.
H749,Metro Meridian,New York,Business,5,5/29/2024,Spring,18360,89.03,4.4,Food,Tasty and well-prepared dishes.
H750,Budget Haven,Texas,Budget,3,5/29/2024,Spring,95050,84.14,4.3,Amenities,Top-notch amenities with everything you need.
H751,Mountain Retreat,Colorado,Boutique,3,5/30/2024,Spring,118680,99.7,3.5,Amenities,Top-notch amenities with everything you need.
H752,The Grand Oak,California,Luxury,5,5/30/2024,Spring,41400,88.75,5,Cleanliness,Hygiene standards were top notch.
H753,Seaside Shores,Florida,Resort,4,5/30/2024,Spring,64640,98.65,3.7,Cleanliness,A little bit of trash was still left in trash can.
H754,Metro Meridian,New York,Business,5,5/30/2024,Spring,84800,85.43,4.6,Cleanliness,So clean it felt brand new.
H755,Budget Haven,Texas,Budget,3,5/30/2024,Spring,81730,87.91,2.4,Amenities,"Felt like a hostel, not a hotel."
H756,Mountain Retreat,Colorado,Boutique,3,5/31/2024,Spring,66430,70.42,4.6,Cleanliness,Cleaned twice a day – amazing!
H757,The Grand Oak,California,Luxury,5,5/31/2024,Spring,59790,93.61,4.4,Amenities,Lots of extras included.
H758,Seaside Shores,Florida,Resort,4,5/31/2024,Spring,93050,79.91,4.2,Service,Always greeted with a smile.
H759,Metro Meridian,New York,Business,5,5/31/2024,Spring,56670,76.03,5,Cleanliness,Hygiene standards were top notch.
H760,Budget Haven,Texas,Budget,3,5/31/2024,Spring,121210,70.84,4.2,Amenities,Top-notch amenities with everything you need.
H761,Mountain Retreat,Colorado,Boutique,3,6/1/2024,Summer,122610,84.32,5,Amenities,Lots of extras included.
H762,The Grand Oak,California,Luxury,5,6/1/2024,Summer,64420,93.82,4,Cleanliness,Clean enough for a short stay.
H763,Seaside Shores,Florida,Resort,4,6/1/2024,Summer,7140,80.94,3.8,Food,Breakfast was limited but decent.
H764,Metro Meridian,New York,Business,5,6/1/2024,Summer,12230,83.95,3.1,Cleanliness,Room looked better than hallway.
H765,Budget Haven,Texas,Budget,3,6/1/2024,Summer,8610,73.5,4.3,Food,Loved every meal served.
H766,Mountain Retreat,Colorado,Boutique,3,6/2/2024,Summer,8040,79.26,4.1,Service,"Staff was helpful, though not always available."
H767,The Grand Oak,California,Luxury,5,6/2/2024,Summer,76310,86.62,3.8,Food,Limited but decent selection.
H768,Seaside Shores,Florida,Resort,4,6/2/2024,Summer,14010,97.37,3.8,Cleanliness,Had to dust a bit but overall room was clean.
H769,Metro Meridian,New York,Business,5,6/2/2024,Summer,64340,81.78,4.1,Cleanliness,Clean enough for a short stay.
H770,Budget Haven,Texas,Budget,3,6/2/2024,Summer,63000,94.77,4.4,Service,Exceptional staff and warm hospitality.
H771,Mountain Retreat,Colorado,Boutique,3,6/3/2024,Summer,43700,86.43,4.1,Cleanliness,Room was mostly clean.
H772,The Grand Oak,California,Luxury,5,6/3/2024,Summer,20520,79.64,4.6,Amenities,Lots of extras included.
H773,Seaside Shores,Florida,Resort,4,6/3/2024,Summer,13810,98.03,4.3,Amenities,Lots of extras included.
H774,Metro Meridian,New York,Business,5,6/3/2024,Summer,80530,70.69,4.1,Cleanliness,Had to dust a bit but overall room was clean.
H775,Budget Haven,Texas,Budget,3,6/3/2024,Summer,83360,70.62,4.6,Service,Exceptional staff and warm hospitality.
H776,Mountain Retreat,Colorado,Boutique,3,6/4/2024,Summer,60860,83.12,4.6,Service,Exceptional staff and warm hospitality.
H777,The Grand Oak,California,Luxury,5,6/4/2024,Summer,123060,93.38,4,Cleanliness,A little bit of trash was still left in trash can.
H778,Seaside Shores,Florida,Resort,4,6/4/2024,Summer,100570,81.8,5,Service,Always greeted with a smile.
H779,Metro Meridian,New York,Business,5,6/4/2024,Summer,48810,86.23,4.5,Food,Delicious meals with a lot of variety.
H780,Budget Haven,Texas,Budget,3,6/4/2024,Summer,49960,86.17,3.6,Food,Breakfast was limited but decent.
H781,Mountain Retreat,Colorado,Boutique,3,6/5/2024,Summer,27740,82.72,3.9,Food,Breakfast was limited but decent.
H782,The Grand Oak,California,Luxury,5,6/5/2024,Summer,93370,94.79,4.8,Cleanliness,Cleaned twice a day – amazing!
H783,Seaside Shores,Florida,Resort,4,6/5/2024,Summer,20720,74.17,4.5,Service,Exceptional staff and warm hospitality.
H784,Metro Meridian,New York,Business,5,6/5/2024,Summer,34110,81.74,4.6,Service,Always greeted with a smile.
H785,Budget Haven,Texas,Budget,3,6/5/2024,Summer,35020,77.65,4.8,Amenities,Top-notch amenities with everything you need.
H786,Mountain Retreat,Colorado,Boutique,3,6/6/2024,Summer,116440,99.95,4.9,Amenities,Convenient and top-quality amenities.
H787,The Grand Oak,California,Luxury,5,6/6/2024,Summer,10890,81.65,4.3,Service,Always greeted with a smile.
H788,Seaside Shores,Florida,Resort,4,6/6/2024,Summer,41540,82.76,4.2,Service,Exceptional staff and warm hospitality.
H789,Metro Meridian,New York,Business,5,6/6/2024,Summer,18000,80.42,4.4,Food,Loved every meal served.
H790,Budget Haven,Texas,Budget,3,6/6/2024,Summer,111360,94.32,5,Amenities,Top-notch amenities with everything you need.
H791,Mountain Retreat,Colorado,Boutique,3,6/7/2024,Summer,23320,84.73,5,Amenities,Lots of extras included.
H792,The Grand Oak,California,Luxury,5,6/7/2024,Summer,12110,81.71,4.1,Food,Breakfast was limited but decent.
H793,Seaside Shores,Florida,Resort,4,6/7/2024,Summer,79390,94.07,3.9,Cleanliness,Had to dust a bit but overall room was clean.
H794,Metro Meridian,New York,Business,5,6/7/2024,Summer,43960,92.27,4.1,Cleanliness,Had to dust a bit but overall room was clean.
H795,Budget Haven,Texas,Budget,3,6/7/2024,Summer,89480,93.71,4,Food,Food took a while to arrive.
H796,Mountain Retreat,Colorado,Boutique,3,6/8/2024,Summer,9680,80.93,3.9,Food,Food took a while to arrive.
H797,The Grand Oak,California,Luxury,5,6/8/2024,Summer,21970,80.91,3.3,Amenities,Okay. Nothing special.
H798,Seaside Shores,Florida,Resort,4,6/8/2024,Summer,84000,75.45,4,Cleanliness,Had to dust a bit but overall room was clean.
H799,Metro Meridian,New York,Business,5,6/8/2024,Summer,19470,84.95,3.4,Amenities,Okay. Nothing special.
H800,Budget Haven,Texas,Budget,3,6/8/2024,Summer,74440,96.01,3.2,Amenities,Some amenities were broken or missing.
H801,Mountain Retreat,Colorado,Boutique,3,6/9/2024,Summer,104740,82.09,4.4,Cleanliness,Hygiene standards were top notch.
H802,The Grand Oak,California,Luxury,5,6/9/2024,Summer,64330,84.71,4.6,Cleanliness,Cleaned twice a day – amazing!
H803,Seaside Shores,Florida,Resort,4,6/9/2024,Summer,47140,74.49,5,Service,Exceptional staff and warm hospitality.
H804,Metro Meridian,New York,Business,5,6/9/2024,Summer,76810,85.37,4.6,Food,Tasty and well-prepared dishes.
H805,Budget Haven,Texas,Budget,3,6/9/2024,Summer,36740,96.11,4.7,Food,Tasty and well-prepared dishes.
H806,Mountain Retreat,Colorado,Boutique,3,6/10/2024,Summer,56110,97,4.4,Food,Tasty and well-prepared dishes.
H807,The Grand Oak,California,Luxury,5,6/10/2024,Summer,111070,78.35,4.6,Cleanliness,So clean it felt brand new.
H808,Seaside Shores,Florida,Resort,4,6/10/2024,Summer,115390,91.98,4,Amenities,Modern amenities and comfortable spaces.
H809,Metro Meridian,New York,Business,5,6/10/2024,Summer,102940,74.86,4.2,Amenities,Top-notch amenities with everything you need.
H810,Budget Haven,Texas,Budget,3,6/10/2024,Summer,114850,76.33,2.7,Service,Slow check-in.
H811,Mountain Retreat,Colorado,Boutique,3,6/11/2024,Summer,46070,91.67,3.7,Cleanliness,Room was mostly clean.
H812,The Grand Oak,California,Luxury,5,6/11/2024,Summer,99030,75.98,4.8,Cleanliness,Hygiene standards were top notch.
H813,Seaside Shores,Florida,Resort,4,6/11/2024,Summer,69810,96.4,3.8,Cleanliness,Hygiene standards were top notch.
H814,Metro Meridian,New York,Business,5,6/11/2024,Summer,7900,80.43,4,Amenities,All amenities in great working condition.
H815,Budget Haven,Texas,Budget,3,6/11/2024,Summer,109560,74.23,5,Cleanliness,So clean it felt brand new.
H816,Mountain Retreat,Colorado,Boutique,3,6/12/2024,Summer,111130,80.67,3.9,Food,Limited but decent selection.
H817,The Grand Oak,California,Luxury,5,6/12/2024,Summer,64220,84.9,4.7,Service,Staff went above and beyond.
H818,Seaside Shores,Florida,Resort,4,6/12/2024,Summer,48590,73.79,3,Cleanliness,Found small hairs on carpet.
H819,Metro Meridian,New York,Business,5,6/12/2024,Summer,36820,90.4,3.1,Amenities,Okay. Nothing special.
H820,Budget Haven,Texas,Budget,3,6/12/2024,Summer,52590,78.34,4.6,Cleanliness,Cleaned twice a day – amazing!
H821,Mountain Retreat,Colorado,Boutique,3,6/13/2024,Summer,123080,79.04,4.2,Cleanliness,So clean it felt brand new.
H822,The Grand Oak,California,Luxury,5,6/13/2024,Summer,27680,90.11,3.7,Cleanliness,Clean enough for a short stay.
H823,Seaside Shores,Florida,Resort,4,6/13/2024,Summer,42110,75.84,3.8,Food,Limited but decent selection.
H824,Metro Meridian,New York,Business,5,6/13/2024,Summer,59900,86.53,4.6,Cleanliness,Hygiene standards were top notch.
H825,Budget Haven,Texas,Budget,3,6/13/2024,Summer,27350,80.28,3.6,Amenities,Modern amenities and comfortable spaces.
H826,Mountain Retreat,Colorado,Boutique,3,6/14/2024,Summer,33200,82.19,3.7,Food,Breakfast was limited but decent.
H827,The Grand Oak,California,Luxury,5,6/14/2024,Summer,26020,78.16,5,Amenities,Top-notch amenities with everything you need.
H828,Seaside Shores,Florida,Resort,4,6/14/2024,Summer,55520,75.09,5,Cleanliness,Super clean everywhere we went.
H829,Metro Meridian,New York,Business,5,6/14/2024,Summer,66810,93.15,4.5,Service,Staff went above and beyond.
H830,Budget Haven,Texas,Budget,3,6/14/2024,Summer,11780,84.14,5,Amenities,Top-notch amenities with everything you need.
H831,Mountain Retreat,Colorado,Boutique,3,6/15/2024,Summer,86070,75.31,4.4,Service,Always greeted with a smile.
H832,The Grand Oak,California,Luxury,5,6/15/2024,Summer,36140,84.59,4.2,Cleanliness,So clean it felt brand new.
H833,Seaside Shores,Florida,Resort,4,6/15/2024,Summer,72970,73.88,4.9,Food,Tasty and well-prepared dishes.
H834,Metro Meridian,New York,Business,5,6/15/2024,Summer,97850,85.26,4.8,Cleanliness,So clean it felt brand new.
H835,Budget Haven,Texas,Budget,3,6/15/2024,Summer,82550,92.17,4.5,Service,Always greeted with a smile.
H836,Mountain Retreat,Colorado,Boutique,3,6/16/2024,Summer,119020,72.87,4.2,Amenities,Lots of extras included.
H837,The Grand Oak,California,Luxury,5,6/16/2024,Summer,43590,82.36,5,Service,Staff went above and beyond.
H838,Seaside Shores,Florida,Resort,4,6/16/2024,Summer,102000,80.35,3.6,Cleanliness,A little bit of trash was still left in trash can.
H839,Metro Meridian,New York,Business,5,6/16/2024,Summer,69330,74.57,5,Amenities,Lots of extras included.
H840,Budget Haven,Texas,Budget,3,6/16/2024,Summer,70930,90.39,4.1,Amenities,Modern amenities and comfortable spaces.
H841,Mountain Retreat,Colorado,Boutique,3,6/17/2024,Summer,94100,99.86,4.5,Service,Always greeted with a smile.
H842,The Grand Oak,California,Luxury,5,6/17/2024,Summer,40560,80.24,3.5,Cleanliness,Had to dust a bit but overall room was clean.
H843,Seaside Shores,Florida,Resort,4,6/17/2024,Summer,7900,93.1,3.8,Food,Limited but decent selection.
H844,Metro Meridian,New York,Business,5,6/17/2024,Summer,96180,78.74,4.7,Service,Exceptional staff and warm hospitality.
H845,Budget Haven,Texas,Budget,3,6/17/2024,Summer,86730,78.4,3.2,Cleanliness,Found small hairs on carpet.
H846,Mountain Retreat,Colorado,Boutique,3,6/18/2024,Summer,63480,83.51,3.9,Cleanliness,Had to dust a bit but overall room was clean.
H847,The Grand Oak,California,Luxury,5,6/18/2024,Summer,29440,92.68,3.9,Cleanliness,Had to dust a bit but overall room was clean.
H848,Seaside Shores,Florida,Resort,4,6/18/2024,Summer,35100,87.71,3.8,Amenities,"Loved the spa, gym, and pool."
H849,Metro Meridian,New York,Business,5,6/18/2024,Summer,55560,92.98,4.5,Amenities,Lots of extras included.
H850,Budget Haven,Texas,Budget,3,6/18/2024,Summer,80430,87.62,4.6,Cleanliness,Cleaned twice a day – amazing!
H851,Mountain Retreat,Colorado,Boutique,3,6/19/2024,Summer,54270,74.46,4.1,Amenities,Modern amenities and comfortable spaces.
H852,The Grand Oak,California,Luxury,5,6/19/2024,Summer,108130,86.47,4.6,Service,Always greeted with a smile.
H853,Seaside Shores,Florida,Resort,4,6/19/2024,Summer,93750,95.42,4.5,Amenities,Top-notch amenities with everything you need.
H854,Metro Meridian,New York,Business,5,6/19/2024,Summer,71510,92.41,4.4,Service,Always greeted with a smile.
H855,Budget Haven,Texas,Budget,3,6/19/2024,Summer,30800,79.33,3.7,Food,Breakfast was limited but decent.
H856,Mountain Retreat,Colorado,Boutique,3,6/20/2024,Summer,9530,95.05,3.4,Cleanliness,Found small hairs on carpet.
H857,The Grand Oak,California,Luxury,5,6/20/2024,Summer,123810,84.61,5,Cleanliness,Cleaned twice a day – amazing!
H858,Seaside Shores,Florida,Resort,4,6/20/2024,Summer,15290,88.6,3.1,Food,Didn't match the 5 star reviews
H859,Metro Meridian,New York,Business,5,6/20/2024,Summer,90390,88.72,4.2,Food,Tasty and well-prepared dishes.
H860,Budget Haven,Texas,Budget,3,6/20/2024,Summer,8640,72.25,3.9,Food,Food took a while to arrive.
H861,Mountain Retreat,Colorado,Boutique,3,6/21/2024,Summer,69090,78.8,5,Amenities,Lots of extras included.
H862,The Grand Oak,California,Luxury,5,6/21/2024,Summer,107890,74.93,4.8,Service,Staff went above and beyond.
H863,Seaside Shores,Florida,Resort,4,6/21/2024,Summer,116940,96.4,3.9,Food,Limited but decent selection.
H864,Metro Meridian,New York,Business,5,6/21/2024,Summer,42710,76.89,4.1,Service,"Staff was helpful, though not always available."
H865,Budget Haven,Texas,Budget,3,6/21/2024,Summer,51910,78.83,4.3,Cleanliness,So clean it felt brand new.
H866,Mountain Retreat,Colorado,Boutique,3,6/22/2024,Summer,84360,83.49,2.5,Food,Food was average.
H867,The Grand Oak,California,Luxury,5,6/22/2024,Summer,19680,92.7,4.4,Food,Tasty and well-prepared dishes.
H868,Seaside Shores,Florida,Resort,4,6/22/2024,Summer,34240,70.52,4.7,Cleanliness,Cleaned twice a day – amazing!
H869,Metro Meridian,New York,Business,5,6/22/2024,Summer,100670,81.09,4.6,Amenities,Lots of extras included.
H870,Budget Haven,Texas,Budget,3,6/22/2024,Summer,56450,86.83,4.4,Amenities,Lots of extras included.
H871,Mountain Retreat,Colorado,Boutique,3,6/23/2024,Summer,29470,99.69,5,Service,Always greeted with a smile.
H872,The Grand Oak,California,Luxury,5,6/23/2024,Summer,35870,96.12,4.4,Food,Tasty and well-prepared dishes.
H873,Seaside Shores,Florida,Resort,4,6/23/2024,Summer,55990,87.23,3.9,Food,Breakfast was limited but decent.
H874,Metro Meridian,New York,Business,5,6/23/2024,Summer,105360,96.34,2.9,Amenities,Some amenities were broken or missing.
H875,Budget Haven,Texas,Budget,3,6/23/2024,Summer,89980,91.97,3.7,Amenities,Modern amenities and comfortable spaces.
H876,Mountain Retreat,Colorado,Boutique,3,6/24/2024,Summer,89650,88.01,4.6,Cleanliness,So clean it felt brand new.
H877,The Grand Oak,California,Luxury,5,6/24/2024,Summer,57840,96.49,4.2,Service,Exceptional staff and warm hospitality.
H878,Seaside Shores,Florida,Resort,4,6/24/2024,Summer,27860,97.98,4.1,Service,"Staff was helpful, though not always available."
H879,Metro Meridian,New York,Business,5,6/24/2024,Summer,38700,72.65,4.6,Amenities,Top-notch amenities with everything you need.
H880,Budget Haven,Texas,Budget,3,6/24/2024,Summer,73490,77.02,2.9,Amenities,"Felt like a hostel, not a hotel."
H881,Mountain Retreat,Colorado,Boutique,3,6/25/2024,Summer,11450,80.06,3.8,Cleanliness,Room could smell a little better.
H882,The Grand Oak,California,Luxury,5,6/25/2024,Summer,47540,84.45,3.9,Food,Limited but decent selection.
H883,Seaside Shores,Florida,Resort,4,6/25/2024,Summer,36010,77.16,3.9,Service,"Staff was helpful, though not always available."
H884,Metro Meridian,New York,Business,5,6/25/2024,Summer,96650,78.83,4.2,Amenities,Top-notch amenities with everything you need.
H885,Budget Haven,Texas,Budget,3,6/25/2024,Summer,45460,81.71,3.8,Food,Yummy breakfast options.
H886,Mountain Retreat,Colorado,Boutique,3,6/26/2024,Summer,31880,78.58,5,Cleanliness,So clean it felt brand new.
H887,The Grand Oak,California,Luxury,5,6/26/2024,Summer,71490,84.44,4.3,Service,Exceptional staff and warm hospitality.
H888,Seaside Shores,Florida,Resort,4,6/26/2024,Summer,80360,91.93,4.1,Cleanliness,Room could smell a little better.
H889,Metro Meridian,New York,Business,5,6/26/2024,Summer,117100,79.99,5,Food,Tasty and well-prepared dishes.
H890,Budget Haven,Texas,Budget,3,6/26/2024,Summer,57580,99.07,3.6,Amenities,Modern amenities and comfortable spaces.
H891,Mountain Retreat,Colorado,Boutique,3,6/27/2024,Summer,88510,75.21,4.7,Cleanliness,Cleaned twice a day – amazing!
H892,The Grand Oak,California,Luxury,5,6/27/2024,Summer,99890,70.96,4.8,Cleanliness,So clean it felt brand new.
H893,Seaside Shores,Florida,Resort,4,6/27/2024,Summer,46200,75.69,3.5,Cleanliness,Room could smell a little better.
H894,Metro Meridian,New York,Business,5,6/27/2024,Summer,89890,73.88,4.5,Amenities,Lots of extras included.
H895,Budget Haven,Texas,Budget,3,6/27/2024,Summer,87140,92.77,4.7,Cleanliness,Cleaned twice a day – amazing!
H896,Mountain Retreat,Colorado,Boutique,3,6/28/2024,Summer,48250,87.31,4.8,Food,Tasty and well-prepared dishes.
H897,The Grand Oak,California,Luxury,5,6/28/2024,Summer,21040,96.38,3.8,Cleanliness,A little bit of trash was still left in trash can.
H898,Seaside Shores,Florida,Resort,4,6/28/2024,Summer,69000,87.81,3.6,Cleanliness,Room was mostly clean.
H899,Metro Meridian,New York,Business,5,6/28/2024,Summer,60510,89.26,4.6,Cleanliness,Hygiene standards were top notch.
H900,Budget Haven,Texas,Budget,3,6/28/2024,Summer,89060,97.32,3.8,Cleanliness,A little bit of trash was still left in trash can.
H901,Mountain Retreat,Colorado,Boutique,3,6/29/2024,Summer,91830,84.59,4.2,Service,Staff went above and beyond.
H902,The Grand Oak,California,Luxury,5,6/29/2024,Summer,110950,87.97,4,Cleanliness,Clean enough for a short stay.
H903,Seaside Shores,Florida,Resort,4,6/29/2024,Summer,17640,84.18,4.4,Amenities,Lots of extras included.
H904,Metro Meridian,New York,Business,5,6/29/2024,Summer,101940,73.14,3.1,Food,Food was average.
H905,Budget Haven,Texas,Budget,3,6/29/2024,Summer,84590,88.42,4.3,Cleanliness,Hygiene standards were top notch.
H906,Mountain Retreat,Colorado,Boutique,3,6/30/2024,Summer,12240,95.12,2.9,Food,Food was average.
H907,The Grand Oak,California,Luxury,5,6/30/2024,Summer,9990,81.98,4.4,Service,Always greeted with a smile.
H908,Seaside Shores,Florida,Resort,4,6/30/2024,Summer,12420,79.59,4.8,Service,Always greeted with a smile.
H909,Metro Meridian,New York,Business,5,6/30/2024,Summer,57760,96.84,4.5,Food,Tasty and well-prepared dishes.
H910,Budget Haven,Texas,Budget,3,6/30/2024,Summer,108370,81.97,4.6,Cleanliness,Cleaned twice a day – amazing!
H911,Mountain Retreat,Colorado,Boutique,3,7/1/2024,Summer,56580,92.34,3.9,Cleanliness,Room was mostly clean.
H912,The Grand Oak,California,Luxury,5,7/1/2024,Summer,96750,98.54,4.3,Cleanliness,So clean it felt brand new.
H913,Seaside Shores,Florida,Resort,4,7/1/2024,Summer,48200,83.11,4.9,Cleanliness,Cleaned twice a day – amazing!
H914,Metro Meridian,New York,Business,5,7/1/2024,Summer,73130,97.1,3.6,Cleanliness,Clean enough for a short stay.
H915,Budget Haven,Texas,Budget,3,7/1/2024,Summer,57680,70.15,4,Cleanliness,Clean enough for a short stay.
H916,Mountain Retreat,Colorado,Boutique,3,7/2/2024,Summer,59020,91.86,3.5,Service,"Staff was helpful, though not always available."
H917,The Grand Oak,California,Luxury,5,7/2/2024,Summer,11490,95.26,3.7,Cleanliness,Room could smell a little better.
H918,Seaside Shores,Florida,Resort,4,7/2/2024,Summer,45400,94.5,4.1,Cleanliness,Room could smell a little better.
H919,Metro Meridian,New York,Business,5,7/2/2024,Summer,110570,71.18,4.6,Cleanliness,Hygiene standards were top notch.
H920,Budget Haven,Texas,Budget,3,7/2/2024,Summer,45610,94.7,4.4,Food,Loved every meal served.
H921,Mountain Retreat,Colorado,Boutique,3,7/3/2024,Summer,95350,73.24,3.2,Food,Limited vegetarian options.
H922,The Grand Oak,California,Luxury,5,7/3/2024,Summer,41870,87.74,5,Food,Loved every meal served.
H923,Seaside Shores,Florida,Resort,4,7/3/2024,Summer,42600,99.57,4.8,Amenities,Top-notch amenities with everything you need.
H924,Metro Meridian,New York,Business,5,7/3/2024,Summer,22610,88.76,4.8,Cleanliness,Hygiene standards were top notch.
H925,Budget Haven,Texas,Budget,3,7/3/2024,Summer,83560,84,5,Cleanliness,So clean it felt brand new.
H926,Mountain Retreat,Colorado,Boutique,3,7/4/2024,Summer,64960,93.43,3.8,Cleanliness,Room could smell a little better.
H927,The Grand Oak,California,Luxury,5,7/4/2024,Summer,90750,83.12,4.5,Amenities,Lots of extras included.
H928,Seaside Shores,Florida,Resort,4,7/4/2024,Summer,7740,85.52,4.1,Service,"Staff was helpful, though not always available."
H929,Metro Meridian,New York,Business,5,7/4/2024,Summer,44570,70.78,3.8,Amenities,"Gym was fine, pool a bit small."
H930,Budget Haven,Texas,Budget,3,7/4/2024,Summer,74310,71.85,4.1,Food,Limited but decent selection.
H931,Mountain Retreat,Colorado,Boutique,3,7/5/2024,Summer,38070,93.37,4.8,Service,Staff went above and beyond.
H932,The Grand Oak,California,Luxury,5,7/5/2024,Summer,77150,76.86,3.1,Service,Slow check-in.
H933,Seaside Shores,Florida,Resort,4,7/5/2024,Summer,81170,86.09,4.4,Location,Excellent for walking everywhere.
H934,Metro Meridian,New York,Business,5,7/5/2024,Summer,88660,90.96,4.2,Amenities,Top-notch amenities with everything you need.
H935,Budget Haven,Texas,Budget,3,7/5/2024,Summer,94340,88.39,5,Food,Tasty and well-prepared dishes.
H936,Mountain Retreat,Colorado,Boutique,3,7/6/2024,Summer,70970,99.92,4.8,Amenities,Lots of extras included.
H937,The Grand Oak,California,Luxury,5,7/6/2024,Summer,96170,94.88,3.5,Food,Food took a while to arrive.
H938,Seaside Shores,Florida,Resort,4,7/6/2024,Summer,102740,80,3.7,Cleanliness,Room could smell a little better.
H939,Metro Meridian,New York,Business,5,7/6/2024,Summer,15280,77.86,4,Cleanliness,Room could smell a little better.
H940,Budget Haven,Texas,Budget,3,7/6/2024,Summer,121480,96.57,4.1,Cleanliness,Clean enough for a short stay.
H941,Mountain Retreat,Colorado,Boutique,3,7/7/2024,Summer,75980,77.52,5,Cleanliness,So clean it felt brand new.
H942,The Grand Oak,California,Luxury,5,7/7/2024,Summer,71540,74.24,4.8,Service,Exceptional staff and warm hospitality.
H943,Seaside Shores,Florida,Resort,4,7/7/2024,Summer,78520,88.7,4.2,Service,Staff went above and beyond.
H944,Metro Meridian,New York,Business,5,7/7/2024,Summer,104720,98.15,3.8,Food,Limited but decent selection.
H945,Budget Haven,Texas,Budget,3,7/7/2024,Summer,23980,86.84,4.9,Service,Always greeted with a smile.
H946,Mountain Retreat,Colorado,Boutique,3,7/8/2024,Summer,61810,94.48,3.8,Cleanliness,Had to dust a bit but overall room was clean.
H947,The Grand Oak,California,Luxury,5,7/8/2024,Summer,83910,80.4,4.6,Cleanliness,Hygiene standards were top notch.
H948,Seaside Shores,Florida,Resort,4,7/8/2024,Summer,22760,70.6,4.5,Cleanliness,Hygiene standards were top notch.
H949,Metro Meridian,New York,Business,5,7/8/2024,Summer,105290,72.81,4.2,Service,Always greeted with a smile.
H950,Budget Haven,Texas,Budget,3,7/8/2024,Summer,35840,95.29,3.2,Cleanliness,Room looked better than hallway.
H951,Mountain Retreat,Colorado,Boutique,3,7/9/2024,Summer,49570,91.12,4.2,Amenities,Lots of extras included.
H952,The Grand Oak,California,Luxury,5,7/9/2024,Summer,116240,77.68,3.8,Cleanliness,Room was mostly clean.
H953,Seaside Shores,Florida,Resort,4,7/9/2024,Summer,54900,83.29,5,Cleanliness,So clean it felt brand new.
H954,Metro Meridian,New York,Business,5,7/9/2024,Summer,72010,87.32,4,Cleanliness,Room was mostly clean.
H955,Budget Haven,Texas,Budget,3,7/9/2024,Summer,32650,83.28,4.7,Cleanliness,So clean it felt brand new.
H956,Mountain Retreat,Colorado,Boutique,3,7/10/2024,Summer,61550,93.29,4.7,Cleanliness,Cleaned twice a day – amazing!
H957,The Grand Oak,California,Luxury,5,7/10/2024,Summer,117030,96.91,3.4,Amenities,Very basic and outdated facilities.
H958,Seaside Shores,Florida,Resort,4,7/10/2024,Summer,86040,79.17,3.8,Cleanliness,Clean enough for a short stay.
H959,Metro Meridian,New York,Business,5,7/10/2024,Summer,51170,77.9,4.5,Service,Staff went above and beyond.
H960,Budget Haven,Texas,Budget,3,7/10/2024,Summer,78980,82.94,4.1,Food,Limited but decent selection.
H961,Mountain Retreat,Colorado,Boutique,3,7/11/2024,Summer,69590,81.82,3.2,Food,Didn't match the 5 star reviews
H962,The Grand Oak,California,Luxury,5,7/11/2024,Summer,49700,95.9,3.5,Cleanliness,A little bit of trash was still left in trash can.
H963,Seaside Shores,Florida,Resort,4,7/11/2024,Summer,102960,79.19,3.8,Cleanliness,Clean enough for a short stay.
H964,Metro Meridian,New York,Business,5,7/11/2024,Summer,30460,70.9,4.4,Cleanliness,Cleaned twice a day – amazing!
H965,Budget Haven,Texas,Budget,3,7/11/2024,Summer,112750,96.88,4.6,Service,Staff went above and beyond.
H966,Mountain Retreat,Colorado,Boutique,3,7/12/2024,Summer,48900,96.13,3.3,Amenities,Very basic and outdated facilities.
H967,The Grand Oak,California,Luxury,5,7/12/2024,Summer,72990,72.95,4.9,Food,Chef really knows their craft.
H968,Seaside Shores,Florida,Resort,4,7/12/2024,Summer,7450,86.45,4.9,Service,Always greeted with a smile.
H969,Metro Meridian,New York,Business,5,7/12/2024,Summer,14660,92.71,5,Service,Exceptional staff and warm hospitality.
H970,Budget Haven,Texas,Budget,3,7/12/2024,Summer,86850,93.52,4.9,Service,Exceptional staff and warm hospitality.
H971,Mountain Retreat,Colorado,Boutique,3,7/13/2024,Summer,87090,83.79,3.6,Cleanliness,Room was mostly clean.
H972,The Grand Oak,California,Luxury,5,7/13/2024,Summer,76900,74.3,5,Cleanliness,So clean it felt brand new.
H973,Seaside Shores,Florida,Resort,4,7/13/2024,Summer,56630,89.17,3.5,Cleanliness,Room could smell a little better.
H974,Metro Meridian,New York,Business,5,7/13/2024,Summer,122290,74.57,4,Food,Food took a while to arrive.
H975,Budget Haven,Texas,Budget,3,7/13/2024,Summer,14350,76.29,3.8,Food,Food took a while to arrive.
H976,Mountain Retreat,Colorado,Boutique,3,7/14/2024,Summer,115860,98.22,5,Amenities,Top-notch amenities with everything you need.
H977,The Grand Oak,California,Luxury,5,7/14/2024,Summer,25920,73.94,4.2,Amenities,Lots of extras included.
H978,Seaside Shores,Florida,Resort,4,7/14/2024,Summer,75720,74.65,4.9,Service,Always greeted with a smile.
H979,Metro Meridian,New York,Business,5,7/14/2024,Summer,64250,89.98,4.6,Cleanliness,Hygiene standards were top notch.
H980,Budget Haven,Texas,Budget,3,7/14/2024,Summer,43030,86.2,3.4,Amenities,Very basic and outdated facilities.
H981,Mountain Retreat,Colorado,Boutique,3,7/15/2024,Summer,64330,91.1,3.7,Cleanliness,A little bit of trash was still left in trash can.
H982,The Grand Oak,California,Luxury,5,7/15/2024,Summer,122230,74.01,4,Food,Breakfast was limited but decent.
H983,Seaside Shores,Florida,Resort,4,7/15/2024,Summer,23000,94.77,3.6,Cleanliness,A little bit of trash was still left in trash can.
H984,Metro Meridian,New York,Business,5,7/15/2024,Summer,26700,73.58,4.2,Cleanliness,So clean it felt brand new.
H985,Budget Haven,Texas,Budget,3,7/15/2024,Summer,45480,78.78,5,Service,Always greeted with a smile.
H986,Mountain Retreat,Colorado,Boutique,3,7/16/2024,Summer,14070,93.47,4.1,Food,Breakfast was limited but decent.
H987,The Grand Oak,California,Luxury,5,7/16/2024,Summer,31640,90.43,3.5,Cleanliness,Clean enough for a short stay.
H988,Seaside Shores,Florida,Resort,4,7/16/2024,Summer,107220,90.03,4.4,Service,Exceptional staff and warm hospitality.
H989,Metro Meridian,New York,Business,5,7/16/2024,Summer,76100,77.02,3.8,Cleanliness,Room could smell a little better.
H990,Budget Haven,Texas,Budget,3,7/16/2024,Summer,73580,99.51,4.7,Service,Staff went above and beyond.
H991,Mountain Retreat,Colorado,Boutique,3,7/17/2024,Summer,109130,97.71,4.3,Amenities,Top-notch amenities with everything you need.
H992,The Grand Oak,California,Luxury,5,7/17/2024,Summer,99930,79.35,5,Service,Staff went above and beyond.
H993,Seaside Shores,Florida,Resort,4,7/17/2024,Summer,22950,79.69,4.5,Cleanliness,Hygiene standards were top notch.
H994,Metro Meridian,New York,Business,5,7/17/2024,Summer,102480,93.11,3.5,Cleanliness,Had to dust a bit but overall room was clean.
H995,Budget Haven,Texas,Budget,3,7/17/2024,Summer,105710,81.85,2.7,Food,Didn't match the 5 star reviews
H996,Mountain Retreat,Colorado,Boutique,3,7/18/2024,Summer,106540,79.3,4.4,Service,Staff went above and beyond.
H997,The Grand Oak,California,Luxury,5,7/18/2024,Summer,84210,99.06,3.3,Amenities,Some amenities were broken or missing.
H998,Seaside Shores,Florida,Resort,4,7/18/2024,Summer,10900,73.36,5,Service,Always greeted with a smile.
H999,Metro Meridian,New York,Business,5,7/18/2024,Summer,89100,98.82,4.5,Cleanliness,So clean it felt brand new.
H1000,Budget Haven,Texas,Budget,3,7/18/2024,Summer,17840,72.66,4.8,Amenities,Top-notch amenities with everything you need.
H1001,Mountain Retreat,Colorado,Boutique,3,7/19/2024,Summer,32900,88.04,3.2,Cleanliness,Room was mostly clean.
H1002,The Grand Oak,California,Luxury,5,7/19/2024,Summer,120410,84.03,3.8,Cleanliness,Room could smell a little better.
H1003,Seaside Shores,Florida,Resort,4,7/19/2024,Summer,23530,86.27,4.1,Food,Breakfast was limited but decent.
H1004,Metro Meridian,New York,Business,5,7/19/2024,Summer,27110,88.74,4,Food,Limited but decent selection.
H1005,Budget Haven,Texas,Budget,3,7/19/2024,Summer,109610,90.54,4.9,Cleanliness,Hygiene standards were top notch.
H1006,Mountain Retreat,Colorado,Boutique,3,7/20/2024,Summer,11510,73.79,5,Food,Tasty and well-prepared dishes.
H1007,The Grand Oak,California,Luxury,5,7/20/2024,Summer,37790,83.1,4.1,Cleanliness,Room could smell a little better.
H1008,Seaside Shores,Florida,Resort,4,7/20/2024,Summer,93960,88.25,4.4,Amenities,Lots of extras included.
H1009,Metro Meridian,New York,Business,5,7/20/2024,Summer,99410,96.52,4.2,Cleanliness,Cleaned twice a day – amazing!
H1010,Budget Haven,Texas,Budget,3,7/20/2024,Summer,78260,79.83,4.3,Cleanliness,So clean it felt brand new.
H1011,Mountain Retreat,Colorado,Boutique,3,7/21/2024,Summer,85490,75.28,4.7,Food,Delicious meals with a lot of variety.
H1012,The Grand Oak,California,Luxury,5,7/21/2024,Summer,36000,76.7,4,Amenities,Modern amenities and comfortable spaces.
H1013,Seaside Shores,Florida,Resort,4,7/21/2024,Summer,85370,91.65,4.3,Cleanliness,So clean it felt brand new.
H1014,Metro Meridian,New York,Business,5,7/21/2024,Summer,22530,91.69,3.7,Food,Food took a while to arrive.
H1015,Budget Haven,Texas,Budget,3,7/21/2024,Summer,105340,72.55,4.5,Cleanliness,Hygiene standards were top notch.
H1016,Mountain Retreat,Colorado,Boutique,3,7/22/2024,Summer,56130,72.31,4.4,Food,Tasty and well-prepared dishes.
H1017,The Grand Oak,California,Luxury,5,7/22/2024,Summer,49860,77.21,4,Food,Food took a while to arrive.
H1018,Seaside Shores,Florida,Resort,4,7/22/2024,Summer,124740,76.73,4.1,Cleanliness,Had to dust a bit but overall room was clean.
H1019,Metro Meridian,New York,Business,5,7/22/2024,Summer,121620,71.33,4.8,Amenities,Lots of extras included.
H1020,Budget Haven,Texas,Budget,3,7/22/2024,Summer,111350,97.57,4.6,Cleanliness,Cleaned twice a day – amazing!
H1021,Mountain Retreat,Colorado,Boutique,3,7/23/2024,Summer,70290,97.91,4.2,Service,Staff went above and beyond.
H1022,The Grand Oak,California,Luxury,5,7/23/2024,Summer,16220,81.91,3,Amenities,Some amenities were broken or missing.
H1023,Seaside Shores,Florida,Resort,4,7/23/2024,Summer,19410,87.88,4.8,Service,Always greeted with a smile.
H1024,Metro Meridian,New York,Business,5,7/23/2024,Summer,81680,76.49,4.3,Food,Loved every meal served.
H1025,Budget Haven,Texas,Budget,3,7/23/2024,Summer,78130,98.76,4.8,Food,Loved every meal served.
H1026,Mountain Retreat,Colorado,Boutique,3,7/24/2024,Summer,122110,80.98,4.5,Food,Loved every meal served.
H1027,The Grand Oak,California,Luxury,5,7/24/2024,Summer,42590,98.84,4.4,Service,Staff went above and beyond.
H1028,Seaside Shores,Florida,Resort,4,7/24/2024,Summer,76780,96.45,3.7,Cleanliness,Room could smell a little better.
H1029,Metro Meridian,New York,Business,5,7/24/2024,Summer,31510,93.05,4.2,Service,Always greeted with a smile.
H1030,Budget Haven,Texas,Budget,3,7/24/2024,Summer,12990,80.09,5,Amenities,Lots of extras included.
H1031,Mountain Retreat,Colorado,Boutique,3,7/25/2024,Summer,75680,91.4,5,Amenities,Top-notch amenities with everything you need.
H1032,The Grand Oak,California,Luxury,5,7/25/2024,Summer,61670,95.11,5,Cleanliness,Hygiene standards were top notch.
H1033,Seaside Shores,Florida,Resort,4,7/25/2024,Summer,96560,79.98,3.6,Food,Breakfast was limited but decent.
H1034,Metro Meridian,New York,Business,5,7/25/2024,Summer,62920,90.11,4,Cleanliness,Room could smell a little better.
H1035,Budget Haven,Texas,Budget,3,7/25/2024,Summer,120580,85.14,5,Service,Exceptional staff and warm hospitality.
H1036,Mountain Retreat,Colorado,Boutique,3,7/26/2024,Summer,78540,85.68,4.3,Cleanliness,Hygiene standards were top notch.
H1037,The Grand Oak,California,Luxury,5,7/26/2024,Summer,72170,70.08,3.9,Cleanliness,Had to dust a bit but overall room was clean.
H1038,Seaside Shores,Florida,Resort,4,7/26/2024,Summer,79670,81.38,5,Cleanliness,So clean it felt brand new.
H1039,Metro Meridian,New York,Business,5,7/26/2024,Summer,80490,79.95,4.1,Cleanliness,Room could smell a little better.
H1040,Budget Haven,Texas,Budget,3,7/26/2024,Summer,73570,77.22,4.5,Food,Tasty and well-prepared dishes.
H1041,Mountain Retreat,Colorado,Boutique,3,7/27/2024,Summer,118450,90.2,3.4,Cleanliness,Found small hairs on carpet.
H1042,The Grand Oak,California,Luxury,5,7/27/2024,Summer,87670,87.15,3.8,Cleanliness,Room was mostly clean.
H1043,Seaside Shores,Florida,Resort,4,7/27/2024,Summer,67090,83.46,4.9,Amenities,Lots of extras included.
H1044,Metro Meridian,New York,Business,5,7/27/2024,Summer,114940,70.38,4.9,Cleanliness,Hygiene standards were top notch.
H1045,Budget Haven,Texas,Budget,3,7/27/2024,Summer,105090,83.29,5,Food,Tasty and well-prepared dishes.
H1046,Mountain Retreat,Colorado,Boutique,3,7/28/2024,Summer,69870,74.78,3.2,Amenities,Some amenities were broken or missing.
H1047,The Grand Oak,California,Luxury,5,7/28/2024,Summer,51520,81.18,4.6,Service,Always greeted with a smile.
H1048,Seaside Shores,Florida,Resort,4,7/28/2024,Summer,60530,74.49,4.1,Cleanliness,Had to dust a bit but overall room was clean.
H1049,Metro Meridian,New York,Business,5,7/28/2024,Summer,115420,86.35,3.8,Food,Limited but decent selection.
H1050,Budget Haven,Texas,Budget,3,7/28/2024,Summer,79400,86.06,4.8,Cleanliness,Cleaned twice a day – amazing!
H1051,Mountain Retreat,Colorado,Boutique,3,7/29/2024,Summer,56960,73.98,4.3,Amenities,Lots of extras included.
H1052,The Grand Oak,California,Luxury,5,7/29/2024,Summer,88120,92.85,4.3,Cleanliness,Hygiene standards were top notch.
H1053,Seaside Shores,Florida,Resort,4,7/29/2024,Summer,110580,99.21,3.5,Cleanliness,Room was mostly clean.
H1054,Metro Meridian,New York,Business,5,7/29/2024,Summer,84100,86.29,3.8,Amenities,Modern amenities and comfortable spaces.
H1055,Budget Haven,Texas,Budget,3,7/29/2024,Summer,109580,89.17,3.8,Food,Food took a while to arrive.
H1056,Mountain Retreat,Colorado,Boutique,3,7/30/2024,Summer,40500,89.21,4.1,Cleanliness,Room was mostly clean.
H1057,The Grand Oak,California,Luxury,5,7/30/2024,Summer,26950,96.69,3.5,Amenities,Modern amenities and comfortable spaces.
H1058,Seaside Shores,Florida,Resort,4,7/30/2024,Summer,41780,99.35,3.8,Cleanliness,Room was mostly clean.
H1059,Metro Meridian,New York,Business,5,7/30/2024,Summer,31500,89.16,3.8,Amenities,Modern amenities and comfortable spaces.
H1060,Budget Haven,Texas,Budget,3,7/30/2024,Summer,121740,89.9,3.6,Amenities,Modern amenities and comfortable spaces.
H1061,Mountain Retreat,Colorado,Boutique,3,7/31/2024,Summer,81710,70.52,4,Cleanliness,Clean enough for a short stay.
H1062,The Grand Oak,California,Luxury,5,7/31/2024,Summer,13140,89.57,4.2,Service,Staff went above and beyond.
H1063,Seaside Shores,Florida,Resort,4,7/31/2024,Summer,69130,72.61,4,Food,Limited but decent selection.
H1064,Metro Meridian,New York,Business,5,7/31/2024,Summer,112620,86.68,4.4,Amenities,Top-notch amenities with everything you need.
H1065,Budget Haven,Texas,Budget,3,7/31/2024,Summer,103350,94.78,3,Cleanliness,Room could smell a little better.
H1066,Mountain Retreat,Colorado,Boutique,3,8/1/2024,Summer,40550,89.26,3.1,Food,Didn't match the 5 star reviews
H1067,The Grand Oak,California,Luxury,5,8/1/2024,Summer,65610,98.73,3.5,Amenities,State-of-the-art gym and pool.
H1068,Seaside Shores,Florida,Resort,4,8/1/2024,Summer,119590,72.18,4.3,Amenities,Top-notch amenities with everything you need.
H1069,Metro Meridian,New York,Business,5,8/1/2024,Summer,120750,96.61,4.6,Cleanliness,So clean it felt brand new.
H1070,Budget Haven,Texas,Budget,3,8/1/2024,Summer,91300,95.13,5,Cleanliness,Cleaned twice a day – amazing!
H1071,Mountain Retreat,Colorado,Boutique,3,8/2/2024,Summer,63850,86.46,4.2,Cleanliness,So clean it felt brand new.
H1072,The Grand Oak,California,Luxury,5,8/2/2024,Summer,100420,85.8,3.8,Food,Breakfast was limited but decent.
H1073,Seaside Shores,Florida,Resort,4,8/2/2024,Summer,107940,88.38,2.6,Amenities,"Felt like a hostel, not a hotel."
H1074,Metro Meridian,New York,Business,5,8/2/2024,Summer,29890,82.84,4.9,Service,Staff went above and beyond.
H1075,Budget Haven,Texas,Budget,3,8/2/2024,Summer,89610,96.78,4.6,Cleanliness,So clean it felt brand new.
H1076,Mountain Retreat,Colorado,Boutique,3,8/3/2024,Summer,91220,99.3,5,Cleanliness,So clean it felt brand new.
H1077,The Grand Oak,California,Luxury,5,8/3/2024,Summer,54180,87.28,4.7,Food,Loved every meal served.
H1078,Seaside Shores,Florida,Resort,4,8/3/2024,Summer,112020,84.09,3.8,Amenities,Modern amenities and comfortable spaces.
H1079,Metro Meridian,New York,Business,5,8/3/2024,Summer,51070,99.53,4.7,Service,Always greeted with a smile.
H1080,Budget Haven,Texas,Budget,3,8/3/2024,Summer,102260,84.16,3.7,Cleanliness,Had to dust a bit but overall room was clean.
H1081,Mountain Retreat,Colorado,Boutique,3,8/4/2024,Summer,101790,84.51,4.1,Cleanliness,Room was mostly clean.
H1082,The Grand Oak,California,Luxury,5,8/4/2024,Summer,60210,72.9,3.7,Cleanliness,Room could smell a little better.
H1083,Seaside Shores,Florida,Resort,4,8/4/2024,Summer,48850,89.34,4.3,Cleanliness,Hygiene standards were top notch.
H1084,Metro Meridian,New York,Business,5,8/4/2024,Summer,16350,86.24,3.3,Food,Food was average.
H1085,Budget Haven,Texas,Budget,3,8/4/2024,Summer,64130,90.31,4.3,Cleanliness,Hygiene standards were top notch.
H1086,Mountain Retreat,Colorado,Boutique,3,8/5/2024,Summer,34530,75.81,4.2,Cleanliness,So clean it felt brand new.
H1087,The Grand Oak,California,Luxury,5,8/5/2024,Summer,56480,70.81,4.4,Food,Tasty and well-prepared dishes.
H1088,Seaside Shores,Florida,Resort,4,8/5/2024,Summer,91870,98.84,4.2,Service,Staff went above and beyond.
H1089,Metro Meridian,New York,Business,5,8/5/2024,Summer,51610,90.75,3.6,Cleanliness,Room looked better than hallway.
H1090,Budget Haven,Texas,Budget,3,8/5/2024,Summer,81220,90.26,3.4,Food,Didn't match the 5 star reviews
H1091,Mountain Retreat,Colorado,Boutique,3,8/6/2024,Summer,84060,76.56,4.1,Food,Breakfast was limited but decent.
H1092,The Grand Oak,California,Luxury,5,8/6/2024,Summer,62130,99.95,3.9,Cleanliness,Room was mostly clean.
H1093,Seaside Shores,Florida,Resort,4,8/6/2024,Summer,116410,93.7,3.4,Cleanliness,Found small hairs on carpet.
H1094,Metro Meridian,New York,Business,5,8/6/2024,Summer,109220,98.96,4,Service,"Staff was helpful, though not always available."
H1095,Budget Haven,Texas,Budget,3,8/6/2024,Summer,85760,85.93,4.4,Cleanliness,So clean it felt brand new.
H1096,Mountain Retreat,Colorado,Boutique,3,8/7/2024,Summer,13350,83.44,4.5,Cleanliness,Super clean bathrooms and linens.
H1097,The Grand Oak,California,Luxury,5,8/7/2024,Summer,94790,79.1,3.8,Cleanliness,A little bit of trash was still left in trash can.
H1098,Seaside Shores,Florida,Resort,4,8/7/2024,Summer,39890,71.41,4.4,Cleanliness,Cleaned twice a day – amazing!
H1099,Metro Meridian,New York,Business,5,8/7/2024,Summer,37810,76.18,5,Service,Staff went above and beyond.
H1100,Budget Haven,Texas,Budget,3,8/7/2024,Summer,31980,81,4.7,Location,Short walk to everywhere.
H1101,Mountain Retreat,Colorado,Boutique,3,8/8/2024,Summer,33360,71.49,4.7,Service,Exceptional staff and warm hospitality.
H1102,The Grand Oak,California,Luxury,5,8/8/2024,Summer,123820,97.18,3.2,Amenities,"Felt like a hostel, not a hotel."
H1103,Seaside Shores,Florida,Resort,4,8/8/2024,Summer,86880,90.62,4.9,Food,Loved every meal served.
H1104,Metro Meridian,New York,Business,5,8/8/2024,Summer,112350,97.43,4.4,Amenities,Modern amenities and comfortable spaces.
H1105,Budget Haven,Texas,Budget,3,8/8/2024,Summer,75740,84.07,3.3,Service,Slow check-in.
H1106,Mountain Retreat,Colorado,Boutique,3,8/9/2024,Summer,16250,98.45,4.6,Service,Staff went above and beyond.
H1107,The Grand Oak,California,Luxury,5,8/9/2024,Summer,117280,96.69,3.8,Cleanliness,A little bit of trash was still left in trash can.
H1108,Seaside Shores,Florida,Resort,4,8/9/2024,Summer,16770,98.47,4.8,Cleanliness,So clean it felt brand new.
H1109,Metro Meridian,New York,Business,5,8/9/2024,Summer,58510,87.13,3.6,Cleanliness,Room could smell a little better.
H1110,Budget Haven,Texas,Budget,3,8/9/2024,Summer,95140,97.6,4.7,Cleanliness,Hygiene standards were top notch.
H1111,Mountain Retreat,Colorado,Boutique,3,8/10/2024,Summer,44290,87.57,4.7,Food,Delicious meals with a lot of variety.
H1112,The Grand Oak,California,Luxury,5,8/10/2024,Summer,41570,81.74,4.4,Food,Tasty and well-prepared dishes.
H1113,Seaside Shores,Florida,Resort,4,8/10/2024,Summer,39280,98.17,4.4,Service,Always greeted with a smile.
H1114,Metro Meridian,New York,Business,5,8/10/2024,Summer,28910,97.58,4.5,Service,Always greeted with a smile.
H1115,Budget Haven,Texas,Budget,3,8/10/2024,Summer,19770,97.74,5,Service,Exceptional staff and warm hospitality.
H1116,Mountain Retreat,Colorado,Boutique,3,8/11/2024,Summer,90090,95.88,4.4,Amenities,Top-notch amenities with everything you need.
H1117,The Grand Oak,California,Luxury,5,8/11/2024,Summer,67750,75.18,4.5,Food,Loved every meal served.
H1118,Seaside Shores,Florida,Resort,4,8/11/2024,Summer,90380,86.82,3.2,Amenities,Okay. Nothing special.
H1119,Metro Meridian,New York,Business,5,8/11/2024,Summer,35540,95.55,3.9,Food,Food took a while to arrive.
H1120,Budget Haven,Texas,Budget,3,8/11/2024,Summer,25290,88.88,4,Cleanliness,Room could smell a little better.
H1121,Mountain Retreat,Colorado,Boutique,3,8/12/2024,Summer,102850,93.07,4.5,Amenities,Lots of extras included.
H1122,The Grand Oak,California,Luxury,5,8/12/2024,Summer,38070,91.7,4.1,Amenities,Modern amenities and comfortable spaces.
H1123,Seaside Shores,Florida,Resort,4,8/12/2024,Summer,41840,91.64,4.6,Cleanliness,Hygiene standards were top notch.
H1124,Metro Meridian,New York,Business,5,8/12/2024,Summer,42970,84.79,3.6,Food,Food took a while to arrive.
H1125,Budget Haven,Texas,Budget,3,8/12/2024,Summer,21790,78.49,4.5,Service,Always greeted with a smile.
H1126,Mountain Retreat,Colorado,Boutique,3,8/13/2024,Summer,94230,95.42,3.2,Amenities,Okay. Nothing special.
H1127,The Grand Oak,California,Luxury,5,8/13/2024,Summer,42490,76.04,4.8,Service,Staff went above and beyond.
H1128,Seaside Shores,Florida,Resort,4,8/13/2024,Summer,94670,78.78,3.2,Amenities,Some amenities were broken or missing.
H1129,Metro Meridian,New York,Business,5,8/13/2024,Summer,69540,73.67,4.4,Amenities,Top-notch amenities with everything you need.
H1130,Budget Haven,Texas,Budget,3,8/13/2024,Summer,23040,74.96,3.1,Food,Didn't match the 5 star reviews
H1131,Mountain Retreat,Colorado,Boutique,3,8/14/2024,Summer,7650,97,4.3,Service,Staff went above and beyond.
H1132,The Grand Oak,California,Luxury,5,8/14/2024,Summer,55720,92.16,5,Service,Staff went above and beyond.
H1133,Seaside Shores,Florida,Resort,4,8/14/2024,Summer,122640,84.47,4.5,Service,Always greeted with a smile.
H1134,Metro Meridian,New York,Business,5,8/14/2024,Summer,7830,81.98,4.4,Amenities,Lots of extras included.
H1135,Budget Haven,Texas,Budget,3,8/14/2024,Summer,63810,70.25,3.8,Cleanliness,Room was mostly clean.
H1136,Mountain Retreat,Colorado,Boutique,3,8/15/2024,Summer,50610,86.74,3.6,Cleanliness,Room could smell a little better.
H1137,The Grand Oak,California,Luxury,5,8/15/2024,Summer,31010,85.96,3.3,Service,Slow check-in.
H1138,Seaside Shores,Florida,Resort,4,8/15/2024,Summer,77450,94.6,4.9,Service,Always greeted with a smile.
H1139,Metro Meridian,New York,Business,5,8/15/2024,Summer,108960,92.57,3.7,Food,Breakfast was limited but decent.
H1140,Budget Haven,Texas,Budget,3,8/15/2024,Summer,81660,77.89,3.7,Amenities,Modern amenities and comfortable spaces.
H1141,Mountain Retreat,Colorado,Boutique,3,8/16/2024,Summer,49840,71.45,3.5,Food,Limited but decent selection.
H1142,The Grand Oak,California,Luxury,5,8/16/2024,Summer,55650,74.98,4.3,Service,Always greeted with a smile.
H1143,Seaside Shores,Florida,Resort,4,8/16/2024,Summer,29780,92.65,3.4,Amenities,Okay. Nothing special.
H1144,Metro Meridian,New York,Business,5,8/16/2024,Summer,101640,84.97,4.2,Cleanliness,So clean it felt brand new.
H1145,Budget Haven,Texas,Budget,3,8/16/2024,Summer,52260,74.57,5,Cleanliness,Cleaned twice a day – amazing!
H1146,Mountain Retreat,Colorado,Boutique,3,8/17/2024,Summer,101050,85.51,4.4,Service,Staff went above and beyond.
H1147,The Grand Oak,California,Luxury,5,8/17/2024,Summer,107950,88.89,3.7,Cleanliness,Had to dust a bit but overall room was clean.
H1148,Seaside Shores,Florida,Resort,4,8/17/2024,Summer,45180,73.93,4.8,Service,Exceptional staff and warm hospitality.
H1149,Metro Meridian,New York,Business,5,8/17/2024,Summer,98440,75.56,3.5,Food,Limited but decent selection.
H1150,Budget Haven,Texas,Budget,3,8/17/2024,Summer,89690,72,4.7,Food,Loved every meal served.
H1151,Mountain Retreat,Colorado,Boutique,3,8/18/2024,Summer,23010,79.91,4.3,Amenities,Top-notch amenities with everything you need.
H1152,The Grand Oak,California,Luxury,5,8/18/2024,Summer,16140,96.52,4,Food,Limited but decent selection.
H1153,Seaside Shores,Florida,Resort,4,8/18/2024,Summer,49530,91.6,4.4,Amenities,Top-notch amenities with everything you need.
H1154,Metro Meridian,New York,Business,5,8/18/2024,Summer,65120,94,4.9,Service,Staff went above and beyond.
H1155,Budget Haven,Texas,Budget,3,8/18/2024,Summer,34930,76.53,3.6,Cleanliness,A little bit of trash was still left in trash can.
H1156,Mountain Retreat,Colorado,Boutique,3,8/19/2024,Summer,53650,76.98,2.8,Amenities,Okay. Nothing special.
H1157,The Grand Oak,California,Luxury,5,8/19/2024,Summer,72710,75.19,3.2,Food,Didn't match the 5 star reviews
H1158,Seaside Shores,Florida,Resort,4,8/19/2024,Summer,26030,79.37,4.8,Food,Loved every meal served.
H1159,Metro Meridian,New York,Business,5,8/19/2024,Summer,98760,89.61,4.4,Amenities,Top-notch amenities with everything you need.
H1160,Budget Haven,Texas,Budget,3,8/19/2024,Summer,11860,82.06,4.7,Food,Loved every meal served.
H1161,Mountain Retreat,Colorado,Boutique,3,8/20/2024,Summer,68910,96.31,4.2,Cleanliness,So clean it felt brand new.
H1162,The Grand Oak,California,Luxury,5,8/20/2024,Summer,80600,81.67,3.3,Food,Didn't match the 5 star reviews
H1163,Seaside Shores,Florida,Resort,4,8/20/2024,Summer,118350,79.33,4.4,Service,Exceptional staff and warm hospitality.
H1164,Metro Meridian,New York,Business,5,8/20/2024,Summer,35520,83.87,4.1,Food,Breakfast was limited but decent.
H1165,Budget Haven,Texas,Budget,3,8/20/2024,Summer,74870,73.22,4.1,Amenities,Modern amenities and comfortable spaces.
H1166,Mountain Retreat,Colorado,Boutique,3,8/21/2024,Summer,49200,94.23,3.7,Cleanliness,Clean enough for a short stay.
H1167,The Grand Oak,California,Luxury,5,8/21/2024,Summer,89510,96.79,4.4,Amenities,Lots of extras included.
H1168,Seaside Shores,Florida,Resort,4,8/21/2024,Summer,92310,93.44,3.8,Cleanliness,Room could smell a little better.
H1169,Metro Meridian,New York,Business,5,8/21/2024,Summer,66360,98.01,2.9,Amenities,"Felt like a hostel, not a hotel."
H1170,Budget Haven,Texas,Budget,3,8/21/2024,Summer,39460,80.49,4,Food,Breakfast was limited but decent.
H1171,Mountain Retreat,Colorado,Boutique,3,8/22/2024,Summer,75140,87.15,3.6,Cleanliness,Room was mostly clean.
H1172,The Grand Oak,California,Luxury,5,8/22/2024,Summer,83020,74.91,4.4,Amenities,Lots of extras included.
H1173,Seaside Shores,Florida,Resort,4,8/22/2024,Summer,27560,82.99,4.3,Amenities,Lots of extras included.
H1174,Metro Meridian,New York,Business,5,8/22/2024,Summer,88540,91.95,3.8,Food,Limited but decent selection.
H1175,Budget Haven,Texas,Budget,3,8/22/2024,Summer,118990,78.55,3.8,Cleanliness,A little bit of trash was still left in trash can.
H1176,Mountain Retreat,Colorado,Boutique,3,8/23/2024,Summer,93890,89.46,4.5,Food,Loved every meal served.
H1177,The Grand Oak,California,Luxury,5,8/23/2024,Summer,122150,90.48,3.5,Cleanliness,Room could smell a little better.
H1178,Seaside Shores,Florida,Resort,4,8/23/2024,Summer,44840,89.72,4.7,Food,Loved every meal served.
H1179,Metro Meridian,New York,Business,5,8/23/2024,Summer,116150,85.77,3.9,Food,Limited but decent selection.
H1180,Budget Haven,Texas,Budget,3,8/23/2024,Summer,77990,84.96,4.3,Cleanliness,So clean it felt brand new.
H1181,Mountain Retreat,Colorado,Boutique,3,8/24/2024,Summer,35860,96.7,3.7,Cleanliness,A little bit of trash was still left in trash can.
H1182,The Grand Oak,California,Luxury,5,8/24/2024,Summer,75500,71.88,4.4,Amenities,Lots of extras included.
H1183,Seaside Shores,Florida,Resort,4,8/24/2024,Summer,83870,74.42,2.9,Amenities,Very basic and outdated facilities.
H1184,Metro Meridian,New York,Business,5,8/24/2024,Summer,15370,90.42,4.7,Amenities,Top-notch amenities with everything you need.
H1185,Budget Haven,Texas,Budget,3,8/24/2024,Summer,72160,76.68,3.3,Food,Didn't match the 5 star reviews
H1186,Mountain Retreat,Colorado,Boutique,3,8/25/2024,Summer,106850,92.77,5,Service,Always greeted with a smile.
H1187,The Grand Oak,California,Luxury,5,8/25/2024,Summer,52230,95.01,5,Amenities,"Loved the spa, gym, and pool."
H1188,Seaside Shores,Florida,Resort,4,8/25/2024,Summer,57630,98.33,4,Food,Limited but decent selection.
H1189,Metro Meridian,New York,Business,5,8/25/2024,Summer,20100,88.25,4.7,Cleanliness,Cleaned twice a day – amazing!
H1190,Budget Haven,Texas,Budget,3,8/25/2024,Summer,119910,79.05,3.9,Cleanliness,Had to dust a bit but overall room was clean.
H1191,Mountain Retreat,Colorado,Boutique,3,8/26/2024,Summer,56210,83.31,3.8,Food,Limited but decent selection.
H1192,The Grand Oak,California,Luxury,5,8/26/2024,Summer,29130,91.07,4.5,Food,Loved every meal served.
H1193,Seaside Shores,Florida,Resort,4,8/26/2024,Summer,118750,87.51,4.3,Amenities,Lots of extras included.
H1194,Metro Meridian,New York,Business,5,8/26/2024,Summer,15200,72.42,3.2,Location,Loud traffic all night.
H1195,Budget Haven,Texas,Budget,3,8/26/2024,Summer,74230,90.62,3.7,Cleanliness,Room could smell a little better.
H1196,Mountain Retreat,Colorado,Boutique,3,8/27/2024,Summer,60550,98.7,4.6,Food,Tasty and well-prepared dishes.
H1197,The Grand Oak,California,Luxury,5,8/27/2024,Summer,66200,74.8,4.2,Amenities,Top-notch amenities with everything you need.
H1198,Seaside Shores,Florida,Resort,4,8/27/2024,Summer,13730,94.44,4.3,Food,Loved every meal served.
H1199,Metro Meridian,New York,Business,5,8/27/2024,Summer,104680,88.67,3.9,Cleanliness,Clean enough for a short stay.
H1200,Budget Haven,Texas,Budget,3,8/27/2024,Summer,65170,81.73,3.7,Service,"Staff was helpful, though not always available."
H1201,Mountain Retreat,Colorado,Boutique,3,8/28/2024,Summer,57430,72.55,4.7,Service,Staff went above and beyond.
H1202,The Grand Oak,California,Luxury,5,8/28/2024,Summer,98530,82.97,5,Service,Exceptional staff and warm hospitality.
H1203,Seaside Shores,Florida,Resort,4,8/28/2024,Summer,111690,98.59,4,Cleanliness,A little bit of trash was still left in trash can.
H1204,Metro Meridian,New York,Business,5,8/28/2024,Summer,8220,77.27,4.4,Food,Tasty and well-prepared dishes.
H1205,Budget Haven,Texas,Budget,3,8/28/2024,Summer,109940,96.66,4.5,Amenities,Lots of extras included.
H1206,Mountain Retreat,Colorado,Boutique,3,8/29/2024,Summer,52700,80.07,4.4,Service,Exceptional staff and warm hospitality.
H1207,The Grand Oak,California,Luxury,5,8/29/2024,Summer,116520,84.19,4.4,Cleanliness,So clean it felt brand new.
H1208,Seaside Shores,Florida,Resort,4,8/29/2024,Summer,102560,99.13,3.8,Food,Limited but decent selection.
H1209,Metro Meridian,New York,Business,5,8/29/2024,Summer,106090,81.49,3.4,Amenities,Very basic and outdated facilities.
H1210,Budget Haven,Texas,Budget,3,8/29/2024,Summer,16730,87.05,3.7,Location,Great neighborhood feel.
H1211,Mountain Retreat,Colorado,Boutique,3,8/30/2024,Summer,57300,96.23,4.3,Cleanliness,Hygiene standards were top notch.
H1212,The Grand Oak,California,Luxury,5,8/30/2024,Summer,67540,89.01,2.7,Food,Food was average.
H1213,Seaside Shores,Florida,Resort,4,8/30/2024,Summer,66530,92.8,4.1,Cleanliness,Clean enough for a short stay.
H1214,Metro Meridian,New York,Business,5,8/30/2024,Summer,89760,84.7,4.1,Food,Breakfast was limited but decent.
H1215,Budget Haven,Texas,Budget,3,8/30/2024,Summer,112060,73.51,3.3,Cleanliness,Room looked better than hallway.
H1216,Mountain Retreat,Colorado,Boutique,3,8/31/2024,Summer,65140,94.84,4.3,Cleanliness,So clean it felt brand new.
H1217,The Grand Oak,California,Luxury,5,8/31/2024,Summer,39810,92.43,4.6,Cleanliness,Cleaned twice a day – amazing!
H1218,Seaside Shores,Florida,Resort,4,8/31/2024,Summer,122140,92.2,4.8,Service,Staff went above and beyond.
H1219,Metro Meridian,New York,Business,5,8/31/2024,Summer,53920,71.75,3.5,Amenities,Modern amenities and comfortable spaces.
H1220,Budget Haven,Texas,Budget,3,8/31/2024,Summer,102360,87.26,4.4,Cleanliness,Hygiene standards were top notch.
H1221,Mountain Retreat,Colorado,Boutique,3,9/1/2024,Fall,56000,85.32,3.6,Food,Limited but decent selection.
H1222,The Grand Oak,California,Luxury,5,9/1/2024,Fall,87240,75.48,4.1,Cleanliness,Room could smell a little better.
H1223,Seaside Shores,Florida,Resort,4,9/1/2024,Fall,113110,82.62,4.5,Food,Yummy breakfast options.
H1224,Metro Meridian,New York,Business,5,9/1/2024,Fall,20590,86.38,4.8,Cleanliness,So clean it felt brand new.
H1225,Budget Haven,Texas,Budget,3,9/1/2024,Fall,25110,98.61,3.3,Amenities,Okay. Nothing special.
H1226,Mountain Retreat,Colorado,Boutique,3,9/2/2024,Fall,41320,80.62,3.8,Food,Limited but decent selection.
H1227,The Grand Oak,California,Luxury,5,9/2/2024,Fall,75950,81.07,4.9,Cleanliness,Felt very sanitary and fresh.
H1228,Seaside Shores,Florida,Resort,4,9/2/2024,Fall,70230,88.37,4.3,Cleanliness,Hygiene standards were top notch.
H1229,Metro Meridian,New York,Business,5,9/2/2024,Fall,121000,97.23,4,Cleanliness,Room was mostly clean.
H1230,Budget Haven,Texas,Budget,3,9/2/2024,Fall,106310,73.15,4.8,Cleanliness,Cleaned twice a day – amazing!
H1231,Mountain Retreat,Colorado,Boutique,3,9/3/2024,Fall,56790,79.01,3.9,Cleanliness,Clean enough for a short stay.
H1232,The Grand Oak,California,Luxury,5,9/3/2024,Fall,29970,82.81,3.6,Food,Limited but decent selection.
H1233,Seaside Shores,Florida,Resort,4,9/3/2024,Fall,80940,76.42,4.1,Service,"Staff was helpful, though not always available."
H1234,Metro Meridian,New York,Business,5,9/3/2024,Fall,114130,96.01,3.2,Amenities,Some Amenities were broken or missing.
H1235,Budget Haven,Texas,Budget,3,9/3/2024,Fall,37890,80.82,5,Amenities,Top-notch amenities with everything you need.
H1236,Mountain Retreat,Colorado,Boutique,3,9/4/2024,Fall,53050,98.52,5,Service,Exceptional staff and warm hospitality.
H1237,The Grand Oak,California,Luxury,5,9/4/2024,Fall,74360,78.23,3.5,Cleanliness,Had to dust a bit but overall room was clean.
H1238,Seaside Shores,Florida,Resort,4,9/4/2024,Fall,44820,95.86,4.6,Cleanliness,Hygiene standards were top notch.
H1239,Metro Meridian,New York,Business,5,9/4/2024,Fall,41750,83.13,3.5,Location,Fantastic location near all the attractions.
H1240,Budget Haven,Texas,Budget,3,9/4/2024,Fall,102370,82.7,4.9,Service,Exceptional staff and warm hospitality.
H1241,Mountain Retreat,Colorado,Boutique,3,9/5/2024,Fall,92000,88.8,4.9,Food,Tasty and well-prepared dishes.
H1242,The Grand Oak,California,Luxury,5,9/5/2024,Fall,122080,83.75,3.7,Cleanliness,A little bit of trash was still left in trash can.
H1243,Seaside Shores,Florida,Resort,4,9/5/2024,Fall,24070,87.41,2.7,Food,Food was average.
H1244,Metro Meridian,New York,Business,5,9/5/2024,Fall,32920,89.5,3.5,Food,Limited but decent selection.
H1245,Budget Haven,Texas,Budget,3,9/5/2024,Fall,119080,78.04,4.5,Food,Loved every meal served.
H1246,Mountain Retreat,Colorado,Boutique,3,9/6/2024,Fall,53420,78,4.2,Location,Close to restaurants and nightlife.
H1247,The Grand Oak,California,Luxury,5,9/6/2024,Fall,71310,99.46,5,Cleanliness,Cleaned twice a day – amazing!
H1248,Seaside Shores,Florida,Resort,4,9/6/2024,Fall,73410,75.75,3.4,Amenities,Very basic and outdated facilities.
H1249,Metro Meridian,New York,Business,5,9/6/2024,Fall,12260,70.49,4.4,Amenities,Top-notch amenities with everything you need.
H1250,Budget Haven,Texas,Budget,3,9/6/2024,Fall,81650,97.34,4.5,Cleanliness,Cleaned twice a day – amazing!
H1251,Mountain Retreat,Colorado,Boutique,3,9/7/2024,Fall,117170,85.64,4.3,Food,Loved every meal served.
H1252,The Grand Oak,California,Luxury,5,9/7/2024,Fall,15730,92.96,4.4,Cleanliness,Hygiene standards were top notch.
H1253,Seaside Shores,Florida,Resort,4,9/7/2024,Fall,15150,78.56,3.8,Food,Limited but decent selection.
H1254,Metro Meridian,New York,Business,5,9/7/2024,Fall,59730,81.63,4.3,Service,Exceptional staff and warm hospitality.
H1255,Budget Haven,Texas,Budget,3,9/7/2024,Fall,42730,93.6,4,Food,Limited but decent selection.
H1256,Mountain Retreat,Colorado,Boutique,3,9/8/2024,Fall,65740,99.8,3.9,Food,Limited but decent selection.
H1257,The Grand Oak,California,Luxury,5,9/8/2024,Fall,110630,70.97,3.8,Amenities,Modern amenities and comfortable spaces.
H1258,Seaside Shores,Florida,Resort,4,9/8/2024,Fall,59580,93.17,3.6,Service,"Staff was helpful, though not always available."
H1259,Metro Meridian,New York,Business,5,9/8/2024,Fall,97190,74.76,4,Cleanliness,A little bit of trash was still left in trash can.
H1260,Budget Haven,Texas,Budget,3,9/8/2024,Fall,103850,86.57,4.3,Cleanliness,So clean it felt brand new.
H1261,Mountain Retreat,Colorado,Boutique,3,9/9/2024,Fall,43610,73.68,4.3,Service,Always greeted with a smile.
H1262,The Grand Oak,California,Luxury,5,9/9/2024,Fall,120430,85.72,4.3,Amenities,Lots of extras included.
H1263,Seaside Shores,Florida,Resort,4,9/9/2024,Fall,31970,82.07,4.8,Amenities,Lots of extras included.
H1264,Metro Meridian,New York,Business,5,9/9/2024,Fall,31860,87.93,5,Food,Loved every meal served.
H1265,Budget Haven,Texas,Budget,3,9/9/2024,Fall,51780,72.1,4.3,Cleanliness,Hygiene standards were top notch.
H1266,Mountain Retreat,Colorado,Boutique,3,9/10/2024,Fall,31460,97.77,3.6,Cleanliness,A little bit of trash was still left in trash can.
H1267,The Grand Oak,California,Luxury,5,9/10/2024,Fall,124380,87.54,3.8,Cleanliness,Had to dust a bit but overall room was clean.
H1268,Seaside Shores,Florida,Resort,4,9/10/2024,Fall,73060,80.15,4.6,Amenities,Top-notch amenities with everything you need.
H1269,Metro Meridian,New York,Business,5,9/10/2024,Fall,85030,84.34,4.7,Service,Staff went above and beyond.
H1270,Budget Haven,Texas,Budget,3,9/10/2024,Fall,8740,90.74,3.1,Amenities,Okay. Nothing special.
H1271,Mountain Retreat,Colorado,Boutique,3,9/11/2024,Fall,73910,77.81,4.8,Amenities,Top-notch amenities with everything you need.
H1272,The Grand Oak,California,Luxury,5,9/11/2024,Fall,33170,80.1,4.1,Cleanliness,Room was mostly clean.
H1273,Seaside Shores,Florida,Resort,4,9/11/2024,Fall,97880,97.9,4.7,Service,Always greeted with a smile.
H1274,Metro Meridian,New York,Business,5,9/11/2024,Fall,71490,99.11,4.4,Cleanliness,So clean it felt brand new.
H1275,Budget Haven,Texas,Budget,3,9/11/2024,Fall,44140,79.09,4.7,Food,Loved every meal served.
H1276,Mountain Retreat,Colorado,Boutique,3,9/12/2024,Fall,12340,76.94,3,Amenities,"Felt like a hostel, not a hotel."
H1277,The Grand Oak,California,Luxury,5,9/12/2024,Fall,71530,89.94,4.7,Amenities,Lots of extras included.
H1278,Seaside Shores,Florida,Resort,4,9/12/2024,Fall,91470,93.8,4.4,Service,Staff went above and beyond.
H1279,Metro Meridian,New York,Business,5,9/12/2024,Fall,11500,73.24,4.2,Food,Tasty and well-prepared dishes.
H1280,Budget Haven,Texas,Budget,3,9/12/2024,Fall,24010,74.06,3.3,Food,Didn't match the 5 star reviews
H1281,Mountain Retreat,Colorado,Boutique,3,9/13/2024,Fall,35010,77.89,4.4,Amenities,Top-notch amenities with everything you need.
H1282,The Grand Oak,California,Luxury,5,9/13/2024,Fall,49390,78.4,4,Cleanliness,Room could smell a little better.
H1283,Seaside Shores,Florida,Resort,4,9/13/2024,Fall,21780,98.64,5,Cleanliness,Cleaned twice a day – amazing!
H1284,Metro Meridian,New York,Business,5,9/13/2024,Fall,44990,75.24,5,Service,Exceptional staff and warm hospitality.
H1285,Budget Haven,Texas,Budget,3,9/13/2024,Fall,68940,90.5,4.7,Service,Staff went above and beyond.
H1286,Mountain Retreat,Colorado,Boutique,3,9/14/2024,Fall,81250,93.67,4.7,Food,Tasty and well-prepared dishes.
H1287,The Grand Oak,California,Luxury,5,9/14/2024,Fall,61420,96.38,4.1,Amenities,Modern amenities and comfortable spaces.
H1288,Seaside Shores,Florida,Resort,4,9/14/2024,Fall,73510,78.13,5,Service,Staff went above and beyond.
H1289,Metro Meridian,New York,Business,5,9/14/2024,Fall,69820,94.07,4.4,Service,Always greeted with a smile.
H1290,Budget Haven,Texas,Budget,3,9/14/2024,Fall,54880,81.84,4.4,Amenities,Lots of extras included.
H1291,Mountain Retreat,Colorado,Boutique,3,9/15/2024,Fall,24310,70.52,4,Food,Food took a while to arrive.
H1292,The Grand Oak,California,Luxury,5,9/15/2024,Fall,55870,82.69,4.6,Service,Staff went above and beyond.
H1293,Seaside Shores,Florida,Resort,4,9/15/2024,Fall,57720,99.36,3.8,Food,Breakfast was limited but decent.
H1294,Metro Meridian,New York,Business,5,9/15/2024,Fall,58540,99.02,3.4,Amenities,Some amenities were broken or missing.
H1295,Budget Haven,Texas,Budget,3,9/15/2024,Fall,123920,79.4,5,Service,Always greeted with a smile.
H1296,Mountain Retreat,Colorado,Boutique,3,9/16/2024,Fall,70940,78.71,5,Cleanliness,So clean it felt brand new.
H1297,The Grand Oak,California,Luxury,5,9/16/2024,Fall,72010,70.73,5,Service,Exceptional staff and warm hospitality.
H1298,Seaside Shores,Florida,Resort,4,9/16/2024,Fall,26370,75.45,3.9,Cleanliness,Room could smell a little better.
H1299,Metro Meridian,New York,Business,5,9/16/2024,Fall,96110,84.98,4,Amenities,Top-notch amenities with everything you need.
H1300,Budget Haven,Texas,Budget,3,9/16/2024,Fall,12590,83.96,4.9,Service,Always greeted with a smile.
H1301,Mountain Retreat,Colorado,Boutique,3,9/17/2024,Fall,86850,71.63,4,Cleanliness,Room was mostly clean.
H1302,The Grand Oak,California,Luxury,5,9/17/2024,Fall,83940,97.57,4.2,Service,Exceptional staff and warm hospitality.
H1303,Seaside Shores,Florida,Resort,4,9/17/2024,Fall,118660,82.01,4.5,Food,Tasty and well-prepared dishes.
H1304,Metro Meridian,New York,Business,5,9/17/2024,Fall,36980,85.86,4.7,Service,Staff went above and beyond.
H1305,Budget Haven,Texas,Budget,3,9/17/2024,Fall,17520,93.58,4.5,Cleanliness,Cleaned twice a day – amazing!
H1306,Mountain Retreat,Colorado,Boutique,3,9/18/2024,Fall,42500,94.55,5,Amenities,Lots of extras included.
H1307,The Grand Oak,California,Luxury,5,9/18/2024,Fall,85440,74.29,4.7,Amenities,Lots of extras included.
H1308,Seaside Shores,Florida,Resort,4,9/18/2024,Fall,48100,97.89,4.8,Food,Loved every meal served.
H1309,Metro Meridian,New York,Business,5,9/18/2024,Fall,37740,87.46,4.2,Cleanliness,Super clean bathrooms and linens.
H1310,Budget Haven,Texas,Budget,3,9/18/2024,Fall,79370,85.78,4.9,Cleanliness,So clean it felt brand new.
H1311,Mountain Retreat,Colorado,Boutique,3,9/19/2024,Fall,105810,94.39,3.4,Amenities,Some amenities were broken or missing.
H1312,The Grand Oak,California,Luxury,5,9/19/2024,Fall,58860,97.45,4.1,Service,"Staff was helpful, though not always available."
H1313,Seaside Shores,Florida,Resort,4,9/19/2024,Fall,20090,80.8,3.3,Food,Breakfast was limited but decent.
H1314,Metro Meridian,New York,Business,5,9/19/2024,Fall,12640,90.68,4.1,Cleanliness,Clean enough for a short stay.
H1315,Budget Haven,Texas,Budget,3,9/19/2024,Fall,115180,75.12,3.4,Cleanliness,Found small hairs on carpet.
H1316,Mountain Retreat,Colorado,Boutique,3,9/20/2024,Fall,19660,93.32,4.7,Food,Loved every meal served.
H1317,The Grand Oak,California,Luxury,5,9/20/2024,Fall,117920,85.53,4,Food,Food took a while to arrive.
H1318,Seaside Shores,Florida,Resort,4,9/20/2024,Fall,93040,81.45,5,Amenities,Top-notch amenities with everything you need.
H1319,Metro Meridian,New York,Business,5,9/20/2024,Fall,88710,88.37,4.6,Cleanliness,So clean it felt brand new.
H1320,Budget Haven,Texas,Budget,3,9/20/2024,Fall,71900,78.81,3.2,Cleanliness,Room looked better than hallway.
H1321,Mountain Retreat,Colorado,Boutique,3,9/21/2024,Fall,80140,80.12,4.4,Service,Staff went above and beyond.
H1322,The Grand Oak,California,Luxury,5,9/21/2024,Fall,118220,96.81,4.4,Cleanliness,So clean it felt brand new.
H1323,Seaside Shores,Florida,Resort,4,9/21/2024,Fall,115940,88.91,4.8,Amenities,Lots of extras included.
H1324,Metro Meridian,New York,Business,5,9/21/2024,Fall,33680,94.13,5,Service,Staff went above and beyond.
H1325,Budget Haven,Texas,Budget,3,9/21/2024,Fall,120850,73.48,4.6,Amenities,Lots of extras included.
H1326,Mountain Retreat,Colorado,Boutique,3,9/22/2024,Fall,112430,73.21,4.8,Food,Loved every meal served.
H1327,The Grand Oak,California,Luxury,5,9/22/2024,Fall,81540,95.78,3.6,Cleanliness,Had to dust a bit but overall room was clean.
H1328,Seaside Shores,Florida,Resort,4,9/22/2024,Fall,85440,90.5,4,Amenities,Modern amenities and comfortable spaces.
H1329,Metro Meridian,New York,Business,5,9/22/2024,Fall,29480,88.96,3.4,Food,Food was average.
H1330,Budget Haven,Texas,Budget,3,9/22/2024,Fall,37390,70.04,3.5,Cleanliness,Room was mostly clean.
H1331,Mountain Retreat,Colorado,Boutique,3,9/23/2024,Fall,98460,75.14,3.6,Service,"Staff was helpful, though not always available."
H1332,The Grand Oak,California,Luxury,5,9/23/2024,Fall,9590,91.16,4.5,Cleanliness,Cleaned twice a day – amazing!
H1333,Seaside Shores,Florida,Resort,4,9/23/2024,Fall,31540,92.66,3.2,Cleanliness,Room looked better than hallway.
H1334,Metro Meridian,New York,Business,5,9/23/2024,Fall,57770,73.28,3.5,Amenities,Modern amenities and comfortable spaces.
H1335,Budget Haven,Texas,Budget,3,9/23/2024,Fall,54240,73.34,4.7,Amenities,Convenient and top-quality amenities.
H1336,Mountain Retreat,Colorado,Boutique,3,9/24/2024,Fall,59710,87.78,4.7,Service,Exceptional staff and warm hospitality.
H1337,The Grand Oak,California,Luxury,5,9/24/2024,Fall,50280,85.19,4.2,Cleanliness,So clean it felt brand new.
H1338,Seaside Shores,Florida,Resort,4,9/24/2024,Fall,29520,97.59,4.4,Service,Always greeted with a smile.
H1339,Metro Meridian,New York,Business,5,9/24/2024,Fall,80290,83.94,4.8,Amenities,Lots of extras included.
H1340,Budget Haven,Texas,Budget,3,9/24/2024,Fall,74150,92.09,2.7,Food,Didn't match the 5 star reviews
H1341,Mountain Retreat,Colorado,Boutique,3,9/25/2024,Fall,83340,97.64,5,Food,Tasty and well-prepared dishes.
H1342,The Grand Oak,California,Luxury,5,9/25/2024,Fall,18830,99.6,3.6,Cleanliness,Cleaned twice a day – amazing!
H1343,Seaside Shores,Florida,Resort,4,9/25/2024,Fall,69040,99.14,3.8,Food,Breakfast was limited but decent.
H1344,Metro Meridian,New York,Business,5,9/25/2024,Fall,23470,73.26,4.5,Amenities,Lots of extras included.
H1345,Budget Haven,Texas,Budget,3,9/25/2024,Fall,30870,89.15,3.9,Service,"Staff was helpful, though not always available."
H1346,Mountain Retreat,Colorado,Boutique,3,9/26/2024,Fall,96510,84.54,4.7,Cleanliness,Cleaned twice a day – amazing!
H1347,The Grand Oak,California,Luxury,5,9/26/2024,Fall,77080,96.26,4.2,Cleanliness,So clean it felt brand new.
H1348,Seaside Shores,Florida,Resort,4,9/26/2024,Fall,30050,97.33,3.8,Cleanliness,Room could smell a little better.
H1349,Metro Meridian,New York,Business,5,9/26/2024,Fall,37590,71.1,4.7,Service,Exceptional staff and warm hospitality.
H1350,Budget Haven,Texas,Budget,3,9/26/2024,Fall,82980,91.74,3,Amenities,Okay. Nothing special.
H1351,Mountain Retreat,Colorado,Boutique,3,9/27/2024,Fall,113330,93.03,3.9,Food,Breakfast was limited but decent.
H1352,The Grand Oak,California,Luxury,5,9/27/2024,Fall,21590,76.79,5,Cleanliness,Cleaned twice a day – amazing!
H1353,Seaside Shores,Florida,Resort,4,9/27/2024,Fall,28670,88.61,4.4,Service,Always greeted with a smile.
H1354,Metro Meridian,New York,Business,5,9/27/2024,Fall,119180,83.21,4.3,Cleanliness,So clean it felt brand new.
H1355,Budget Haven,Texas,Budget,3,9/27/2024,Fall,26210,91.53,3.6,Service,No complaints at all with service.
H1356,Mountain Retreat,Colorado,Boutique,3,9/28/2024,Fall,114160,99.26,2.7,Food,Limited vegetarian options.
H1357,The Grand Oak,California,Luxury,5,9/28/2024,Fall,108460,91.97,3.9,Service,"Staff was helpful, though not always available."
H1358,Seaside Shores,Florida,Resort,4,9/28/2024,Fall,36540,84.82,5,Cleanliness,Cleaned twice a day – amazing!
H1359,Metro Meridian,New York,Business,5,9/28/2024,Fall,106350,96.81,4.1,Amenities,Modern amenities and comfortable spaces.
H1360,Budget Haven,Texas,Budget,3,9/28/2024,Fall,121760,90.12,3.4,Cleanliness,Room looked better than hallway.
H1361,Mountain Retreat,Colorado,Boutique,3,9/29/2024,Fall,94150,91.48,4.6,Food,Loved every meal served.
H1362,The Grand Oak,California,Luxury,5,9/29/2024,Fall,66250,96.99,4.7,Amenities,Lots of extras included.
H1363,Seaside Shores,Florida,Resort,4,9/29/2024,Fall,87460,87.46,3.9,Cleanliness,A little bit of trash was still left in trash can.
H1364,Metro Meridian,New York,Business,5,9/29/2024,Fall,39990,85.18,3.7,Cleanliness,Had to dust a bit but overall room was clean.
H1365,Budget Haven,Texas,Budget,3,9/29/2024,Fall,115940,85.69,4.2,Service,Staff went above and beyond.
H1366,Mountain Retreat,Colorado,Boutique,3,9/30/2024,Fall,33920,98.01,4.2,Food,Loved every meal served.
H1367,The Grand Oak,California,Luxury,5,9/30/2024,Fall,16680,75.8,3.8,Cleanliness,A little bit of trash was still left in trash can.
H1368,Seaside Shores,Florida,Resort,4,9/30/2024,Fall,48770,84.14,4.2,Amenities,Top-notch amenities with everything you need.
H1369,Metro Meridian,New York,Business,5,9/30/2024,Fall,87350,91.43,4,Food,Breakfast was limited but decent.
H1370,Budget Haven,Texas,Budget,3,9/30/2024,Fall,22690,98.73,3.6,Cleanliness,Room could smell a little better.
H1371,Mountain Retreat,Colorado,Boutique,3,10/1/2024,Fall,36860,94.67,4,Amenities,"Loved the spa, gym, and pool."
H1372,The Grand Oak,California,Luxury,5,10/1/2024,Fall,83420,80.5,4.9,Cleanliness,Cleaned twice a day – amazing!
H1373,Seaside Shores,Florida,Resort,4,10/1/2024,Fall,85800,86.36,4.7,Cleanliness,So clean it felt brand new.
H1374,Metro Meridian,New York,Business,5,10/1/2024,Fall,95710,89.11,4,Cleanliness,Had to dust a bit but overall room was clean.
H1375,Budget Haven,Texas,Budget,3,10/1/2024,Fall,113850,91.74,4.5,Cleanliness,Cleaned twice a day – amazing!
H1376,Mountain Retreat,Colorado,Boutique,3,10/2/2024,Fall,99190,74.36,4.2,Amenities,Lots of extras included.
H1377,The Grand Oak,California,Luxury,5,10/2/2024,Fall,36830,85.07,4.4,Cleanliness,So clean it felt brand new.
H1378,Seaside Shores,Florida,Resort,4,10/2/2024,Fall,71890,74.89,3.6,Cleanliness,A little bit of trash was still left in trash can.
H1379,Metro Meridian,New York,Business,5,10/2/2024,Fall,98340,79.26,3.2,Food,Food was average.
H1380,Budget Haven,Texas,Budget,3,10/2/2024,Fall,116180,89.24,3.8,Cleanliness,Had to dust a bit but overall room was clean.
H1381,Mountain Retreat,Colorado,Boutique,3,10/3/2024,Fall,32750,75.1,4.5,Service,Staff went above and beyond.
H1382,The Grand Oak,California,Luxury,5,10/3/2024,Fall,40350,91.32,4.5,Food,Loved every meal served.
H1383,Seaside Shores,Florida,Resort,4,10/3/2024,Fall,100350,90.14,3.5,Cleanliness,Clean enough for a short stay.
H1384,Metro Meridian,New York,Business,5,10/3/2024,Fall,23020,86.74,3.9,Cleanliness,Room could smell a little better.
H1385,Budget Haven,Texas,Budget,3,10/3/2024,Fall,43210,71.48,4.4,Amenities,Top-notch amenities with everything you need.
H1386,Mountain Retreat,Colorado,Boutique,3,10/4/2024,Fall,58980,92.9,4.9,Cleanliness,Cleaned twice a day – amazing!
H1387,The Grand Oak,California,Luxury,5,10/4/2024,Fall,33260,71.92,4.2,Food,Loved every meal served.
H1388,Seaside Shores,Florida,Resort,4,10/4/2024,Fall,19020,88.04,4.2,Food,Loved every meal served.
H1389,Metro Meridian,New York,Business,5,10/4/2024,Fall,103770,97.06,4.5,Amenities,Top-notch amenities with everything you need.
H1390,Budget Haven,Texas,Budget,3,10/4/2024,Fall,67300,70.43,4.3,Cleanliness,So clean it felt brand new.
H1391,Mountain Retreat,Colorado,Boutique,3,10/5/2024,Fall,10800,90.95,4.3,Service,Always greeted with a smile.
H1392,The Grand Oak,California,Luxury,5,10/5/2024,Fall,38760,91.19,4,Cleanliness,A little bit of trash was still left in trash can.
H1393,Seaside Shores,Florida,Resort,4,10/5/2024,Fall,21790,75.06,4.2,Amenities,Convenient and top-quality amenities.
H1394,Metro Meridian,New York,Business,5,10/5/2024,Fall,27400,87.02,5,Cleanliness,So clean it felt brand new.
H1395,Budget Haven,Texas,Budget,3,10/5/2024,Fall,50210,76.22,3.5,Cleanliness,Had to dust a bit but overall room was clean.
H1396,Mountain Retreat,Colorado,Boutique,3,10/6/2024,Fall,77060,80.22,3.7,Cleanliness,Room was mostly clean.
H1397,The Grand Oak,California,Luxury,5,10/6/2024,Fall,12270,70.64,3.2,Amenities,"Felt like a hostel, not a hotel."
H1398,Seaside Shores,Florida,Resort,4,10/6/2024,Fall,107520,73.74,3.9,Cleanliness,Room could smell a little better.
H1399,Metro Meridian,New York,Business,5,10/6/2024,Fall,50230,92.11,4.2,Amenities,Lots of extras included.
H1400,Budget Haven,Texas,Budget,3,10/6/2024,Fall,58230,94.61,4.7,Cleanliness,Hygiene standards were top notch.
H1401,Mountain Retreat,Colorado,Boutique,3,10/7/2024,Fall,66920,77.9,3.9,Cleanliness,Clean enough for a short stay.
H1402,The Grand Oak,California,Luxury,5,10/7/2024,Fall,59510,83.97,4.7,Food,Tasty and well-prepared dishes.
H1403,Seaside Shores,Florida,Resort,4,10/7/2024,Fall,31490,88.89,3.9,Food,Food took a while to arrive.
H1404,Metro Meridian,New York,Business,5,10/7/2024,Fall,60160,73.83,4,Cleanliness,Clean enough for a short stay.
H1405,Budget Haven,Texas,Budget,3,10/7/2024,Fall,109250,74.62,4.4,Amenities,Lots of extras included.
H1406,Mountain Retreat,Colorado,Boutique,3,10/8/2024,Fall,48320,92.59,3.8,Cleanliness,Room was spotless and well-kept.
H1407,The Grand Oak,California,Luxury,5,10/8/2024,Fall,110120,89.3,4.9,Service,Always greeted with a smile.
H1408,Seaside Shores,Florida,Resort,4,10/8/2024,Fall,29380,82.34,4.5,Amenities,Top-notch amenities with everything you need.
H1409,Metro Meridian,New York,Business,5,10/8/2024,Fall,54900,78.04,3.5,Cleanliness,A little bit of trash was still left in trash can.
H1410,Budget Haven,Texas,Budget,3,10/8/2024,Fall,111650,93.27,4.9,Service,Staff went above and beyond.
H1411,Mountain Retreat,Colorado,Boutique,3,10/9/2024,Fall,26320,83.09,4.8,Amenities,Lots of extras included.
H1412,The Grand Oak,California,Luxury,5,10/9/2024,Fall,33640,79.28,3.7,Food,Breakfast was limited but decent.
H1413,Seaside Shores,Florida,Resort,4,10/9/2024,Fall,14480,93.28,4.9,Service,Staff went above and beyond.
H1414,Metro Meridian,New York,Business,5,10/9/2024,Fall,11840,92.03,3.7,Food,Limited but decent selection.
H1415,Budget Haven,Texas,Budget,3,10/9/2024,Fall,19560,80.37,3.8,Food,Limited but decent selection.
H1416,Mountain Retreat,Colorado,Boutique,3,10/10/2024,Fall,42720,98,4.6,Amenities,Modern amenities and comfortable spaces.
H1417,The Grand Oak,California,Luxury,5,10/10/2024,Fall,85460,96.39,3.8,Food,Food was a highlight of the trip.
H1418,Seaside Shores,Florida,Resort,4,10/10/2024,Fall,96200,98.81,3.1,Cleanliness,A little bit of trash was still left in Trash Can
H1419,Metro Meridian,New York,Business,5,10/10/2024,Fall,76150,88.32,5,Amenities,Lots of extras included.
H1420,Budget Haven,Texas,Budget,3,10/10/2024,Fall,53410,87.29,5,Food,Tasty and well-prepared dishes.
H1421,Mountain Retreat,Colorado,Boutique,3,10/11/2024,Fall,106760,82.88,5,Cleanliness,Hygiene standards were top notch.
H1422,The Grand Oak,California,Luxury,5,10/11/2024,Fall,84860,99.45,3.8,Cleanliness,Room was mostly clean.
H1423,Seaside Shores,Florida,Resort,4,10/11/2024,Fall,64290,74.5,4.4,Food,Loved every meal served.
H1424,Metro Meridian,New York,Business,5,10/11/2024,Fall,69370,86.46,4.4,Amenities,Lots of extras included.
H1425,Budget Haven,Texas,Budget,3,10/11/2024,Fall,69870,87.35,4,Food,Limited vegetarian options.
H1426,Mountain Retreat,Colorado,Boutique,3,10/12/2024,Fall,7360,75.02,4.1,Cleanliness,Had to dust a bit but overall room was clean.
H1427,The Grand Oak,California,Luxury,5,10/12/2024,Fall,42520,81.34,3.7,Food,Breakfast was limited but decent.
H1428,Seaside Shores,Florida,Resort,4,10/12/2024,Fall,51500,87.81,4.6,Service,Always greeted with a smile.
H1429,Metro Meridian,New York,Business,5,10/12/2024,Fall,59450,94.93,4.3,Cleanliness,So clean it felt brand new.
H1430,Budget Haven,Texas,Budget,3,10/12/2024,Fall,47330,74.51,3.5,Service,"Staff was helpful, though not always available."
H1431,Mountain Retreat,Colorado,Boutique,3,10/13/2024,Fall,84660,94.11,4.2,Cleanliness,Cleaned twice a day – amazing!
H1432,The Grand Oak,California,Luxury,5,10/13/2024,Fall,8870,77.22,3.9,Cleanliness,Clean enough for a short stay.
H1433,Seaside Shores,Florida,Resort,4,10/13/2024,Fall,34480,98.15,4.4,Service,Exceptional staff and warm hospitality.
H1434,Metro Meridian,New York,Business,5,10/13/2024,Fall,98270,80.55,4.7,Service,Exceptional staff and warm hospitality.
H1435,Budget Haven,Texas,Budget,3,10/13/2024,Fall,40460,89.1,3.8,Cleanliness,A little bit of trash was still left in trash can.
H1436,Mountain Retreat,Colorado,Boutique,3,10/14/2024,Fall,123160,74.78,5,Service,Staff went above and beyond.
H1437,The Grand Oak,California,Luxury,5,10/14/2024,Fall,8610,71.35,4.5,Cleanliness,Hygiene standards were top notch.
H1438,Seaside Shores,Florida,Resort,4,10/14/2024,Fall,122150,84.83,5,Service,Exceptional staff and warm hospitality.
H1439,Metro Meridian,New York,Business,5,10/14/2024,Fall,65550,98.11,3.4,Cleanliness,Found small hairs on carpet.
H1440,Budget Haven,Texas,Budget,3,10/14/2024,Fall,61890,86.55,3.7,Cleanliness,Room could smell a little better.
H1441,Mountain Retreat,Colorado,Boutique,3,10/15/2024,Fall,109690,98.08,4.4,Food,Loved every meal served.
H1442,The Grand Oak,California,Luxury,5,10/15/2024,Fall,81510,97.55,4,Amenities,Modern amenities and comfortable spaces.
H1443,Seaside Shores,Florida,Resort,4,10/15/2024,Fall,17290,91.3,5,Cleanliness,Cleaned twice a day – amazing!
H1444,Metro Meridian,New York,Business,5,10/15/2024,Fall,8100,96.67,4.4,Cleanliness,Hygiene standards were top notch.
H1445,Budget Haven,Texas,Budget,3,10/15/2024,Fall,91790,87.22,3.7,Cleanliness,Room could smell a little better.
H1446,Mountain Retreat,Colorado,Boutique,3,10/16/2024,Fall,51030,84.28,3.2,Cleanliness,Room looked better than hallway.
H1447,The Grand Oak,California,Luxury,5,10/16/2024,Fall,84900,73.24,4.4,Service,Always greeted with a smile.
H1448,Seaside Shores,Florida,Resort,4,10/16/2024,Fall,69360,90.86,4.3,Food,Loved every meal served.
H1449,Metro Meridian,New York,Business,5,10/16/2024,Fall,76190,88.58,2.9,Amenities,Some amenities were broken or missing.
H1450,Budget Haven,Texas,Budget,3,10/16/2024,Fall,62830,97.22,4.7,Cleanliness,Hygiene standards were top notch.
H1451,Mountain Retreat,Colorado,Boutique,3,10/17/2024,Fall,67510,88.51,3.8,Cleanliness,Room was mostly clean.
H1452,The Grand Oak,California,Luxury,5,10/17/2024,Fall,13000,75.65,3.1,Food,Food was average.
H1453,Seaside Shores,Florida,Resort,4,10/17/2024,Fall,38660,85.45,4.6,Service,Exceptional staff and warm hospitality.
H1454,Metro Meridian,New York,Business,5,10/17/2024,Fall,117980,95.43,3.6,Cleanliness,Had to dust a bit but overall room was clean.
H1455,Budget Haven,Texas,Budget,3,10/17/2024,Fall,74000,96.08,4.5,Food,Tasty and well-prepared dishes.
H1456,Mountain Retreat,Colorado,Boutique,3,10/18/2024,Fall,28590,79.62,4.1,Cleanliness,Room could smell a little better.
H1457,The Grand Oak,California,Luxury,5,10/18/2024,Fall,73260,84.96,4,Cleanliness,Clean enough for a short stay.
H1458,Seaside Shores,Florida,Resort,4,10/18/2024,Fall,31700,72.77,4.3,Service,Exceptional staff and warm hospitality.
H1459,Metro Meridian,New York,Business,5,10/18/2024,Fall,40070,98.12,4.2,Cleanliness,Hygiene standards were top notch.
H1460,Budget Haven,Texas,Budget,3,10/18/2024,Fall,78590,88.39,3.3,Cleanliness,Found small hairs on carpet.
H1461,Mountain Retreat,Colorado,Boutique,3,10/19/2024,Fall,54050,93.13,3.6,Amenities,Modern amenities and comfortable spaces.
H1462,The Grand Oak,California,Luxury,5,10/19/2024,Fall,52640,94.06,3.7,Location,Perfect spot for our trip.
H1463,Seaside Shores,Florida,Resort,4,10/19/2024,Fall,103400,71.31,4.9,Service,Always greeted with a smile.
H1464,Metro Meridian,New York,Business,5,10/19/2024,Fall,22130,97.88,5,Cleanliness,Cleaned twice a day – amazing!
H1465,Budget Haven,Texas,Budget,3,10/19/2024,Fall,37080,86.1,4.8,Cleanliness,So clean it felt brand new.
H1466,Mountain Retreat,Colorado,Boutique,3,10/20/2024,Fall,25440,93.72,4,Cleanliness,Had to dust a bit but overall room was clean.
H1467,The Grand Oak,California,Luxury,5,10/20/2024,Fall,18600,95.89,3.5,Food,Breakfast was limited but decent.
H1468,Seaside Shores,Florida,Resort,4,10/20/2024,Fall,10080,86.49,3.9,Cleanliness,Room was mostly clean.
H1469,Metro Meridian,New York,Business,5,10/20/2024,Fall,88920,80.77,3.5,Food,Breakfast was limited but decent.
H1470,Budget Haven,Texas,Budget,3,10/20/2024,Fall,16430,71.4,3.5,Amenities,Modern amenities and comfortable spaces.
H1471,Mountain Retreat,Colorado,Boutique,3,10/21/2024,Fall,52180,89.39,4.5,Food,Loved every meal served.
H1472,The Grand Oak,California,Luxury,5,10/21/2024,Fall,61540,78.56,4.5,Cleanliness,Hygiene standards were top notch.
H1473,Seaside Shores,Florida,Resort,4,10/21/2024,Fall,88540,83.2,3.8,Cleanliness,Room was mostly clean.
H1474,Metro Meridian,New York,Business,5,10/21/2024,Fall,69150,95.71,4.6,Food,Tasty and well-prepared dishes.
H1475,Budget Haven,Texas,Budget,3,10/21/2024,Fall,116070,85.69,4.6,Service,Always greeted with a smile.
H1476,Mountain Retreat,Colorado,Boutique,3,10/22/2024,Fall,83730,97.54,3.9,Food,Food took a while to arrive.
H1477,The Grand Oak,California,Luxury,5,10/22/2024,Fall,41150,70.89,4.2,Service,Staff went above and beyond.
H1478,Seaside Shores,Florida,Resort,4,10/22/2024,Fall,63200,88.1,3.4,Food,Food was average.
H1479,Metro Meridian,New York,Business,5,10/22/2024,Fall,71820,86.1,4,Cleanliness,A little bit of trash was still left in trash can.
H1480,Budget Haven,Texas,Budget,3,10/22/2024,Fall,40810,96.54,4.2,Cleanliness,Cleaned twice a day – amazing!
H1481,Mountain Retreat,Colorado,Boutique,3,10/23/2024,Fall,9890,71.62,4.2,Food,Tasty and well-prepared dishes.
H1482,The Grand Oak,California,Luxury,5,10/23/2024,Fall,91640,90.44,5,Food,Tasty and well-prepared dishes.
H1483,Seaside Shores,Florida,Resort,4,10/23/2024,Fall,118500,86.55,4.9,Cleanliness,So clean it felt brand new.
H1484,Metro Meridian,New York,Business,5,10/23/2024,Fall,83390,79.33,3.7,Cleanliness,Room could smell a little better.
H1485,Budget Haven,Texas,Budget,3,10/23/2024,Fall,38850,95.63,4.4,Cleanliness,So clean it felt brand new.
H1486,Mountain Retreat,Colorado,Boutique,3,10/24/2024,Fall,85850,80.37,3.2,Food,Didn't match the 5 star reviews
H1487,The Grand Oak,California,Luxury,5,10/24/2024,Fall,101190,70.84,5,Service,Staff went above and beyond.
H1488,Seaside Shores,Florida,Resort,4,10/24/2024,Fall,73500,88.57,3.8,Cleanliness,Had to dust a bit but overall room was clean.
H1489,Metro Meridian,New York,Business,5,10/24/2024,Fall,11770,84.16,4.3,Cleanliness,Hygiene standards were top notch.
H1490,Budget Haven,Texas,Budget,3,10/24/2024,Fall,11080,96.03,3.8,Amenities,Modern amenities and comfortable spaces.
H1491,Mountain Retreat,Colorado,Boutique,3,10/25/2024,Fall,77420,94.07,3.1,Food,Didn't match the 5 star reviews
H1492,The Grand Oak,California,Luxury,5,10/25/2024,Fall,108460,79.16,4.1,Food,Limited but decent selection.
H1493,Seaside Shores,Florida,Resort,4,10/25/2024,Fall,110450,79.85,4.7,Service,Exceptional staff and warm hospitality.
H1494,Metro Meridian,New York,Business,5,10/25/2024,Fall,67770,87.3,5,Amenities,Lots of extras included.
H1495,Budget Haven,Texas,Budget,3,10/25/2024,Fall,52030,74.62,3.6,Amenities,Lots of extras included.
H1496,Mountain Retreat,Colorado,Boutique,3,10/26/2024,Fall,50040,97.67,5,Amenities,Top-notch amenities with everything you need.
H1497,The Grand Oak,California,Luxury,5,10/26/2024,Fall,76830,84.06,3.2,Amenities,Some amenities were broken or missing.
H1498,Seaside Shores,Florida,Resort,4,10/26/2024,Fall,83020,81.29,4.6,Food,Tasty and well-prepared dishes.
H1499,Metro Meridian,New York,Business,5,10/26/2024,Fall,46990,77.42,4.3,Cleanliness,Cleaned twice a day – amazing!
H1500,Budget Haven,Texas,Budget,3,10/26/2024,Fall,122060,86.86,3,Amenities,Very basic and outdated facilities.
H1501,Mountain Retreat,Colorado,Boutique,3,10/27/2024,Fall,85400,83.51,4.8,Food,Tasty and well-prepared dishes.
H1502,The Grand Oak,California,Luxury,5,10/27/2024,Fall,41020,73.84,4.3,Amenities,Top-notch amenities with everything you need.
H1503,Seaside Shores,Florida,Resort,4,10/27/2024,Fall,80930,83.92,4.4,Food,Tasty and well-prepared dishes.
H1504,Metro Meridian,New York,Business,5,10/27/2024,Fall,66840,81.42,4.6,Cleanliness,Cleaned twice a day – amazing!
H1505,Budget Haven,Texas,Budget,3,10/27/2024,Fall,94340,80.62,4.9,Cleanliness,Cleaned twice a day – amazing!
H1506,Mountain Retreat,Colorado,Boutique,3,10/28/2024,Fall,83750,76.24,3.7,Food,Food took a while to arrive.
H1507,The Grand Oak,California,Luxury,5,10/28/2024,Fall,114180,85.49,3.5,Food,Limited but decent selection.
H1508,Seaside Shores,Florida,Resort,4,10/28/2024,Fall,88420,95.76,4.6,Cleanliness,So clean it felt brand new.
H1509,Metro Meridian,New York,Business,5,10/28/2024,Fall,10470,82.32,4.4,Amenities,Top-notch amenities with everything you need.
H1510,Budget Haven,Texas,Budget,3,10/28/2024,Fall,76650,84.87,3.7,Cleanliness,A little bit of trash was still left in trash can.
H1511,Mountain Retreat,Colorado,Boutique,3,10/29/2024,Fall,35920,89.68,5,Food,Tasty and well-prepared dishes.
H1512,The Grand Oak,California,Luxury,5,10/29/2024,Fall,81740,81.55,3.4,Cleanliness,Room looked better than hallway.
H1513,Seaside Shores,Florida,Resort,4,10/29/2024,Fall,63620,90.9,4.2,Service,Always greeted with a smile.
H1514,Metro Meridian,New York,Business,5,10/29/2024,Fall,35320,84.74,3.9,Food,Breakfast was limited but decent.
H1515,Budget Haven,Texas,Budget,3,10/29/2024,Fall,41480,78.45,3.5,Service,No complaints at all with service.
H1516,Mountain Retreat,Colorado,Boutique,3,10/30/2024,Fall,121330,71.47,2.5,Amenities,"Felt like a hostel, not a hotel."
H1517,The Grand Oak,California,Luxury,5,10/30/2024,Fall,75630,89.7,3.9,Food,Breakfast was limited but decent.
H1518,Seaside Shores,Florida,Resort,4,10/30/2024,Fall,116090,83.59,3.8,Cleanliness,Room was mostly clean.
H1519,Metro Meridian,New York,Business,5,10/30/2024,Fall,109720,77.21,4,Cleanliness,Had to dust a bit but overall room was clean.
H1520,Budget Haven,Texas,Budget,3,10/30/2024,Fall,104540,75.65,3.5,Service,"Staff was helpful, though not always available."
H1521,Mountain Retreat,Colorado,Boutique,3,10/31/2024,Fall,16990,74,5,Service,Always greeted with a smile.
H1522,The Grand Oak,California,Luxury,5,10/31/2024,Fall,55140,81.44,3.6,Food,Tasty and well-prepared dishes.
H1523,Seaside Shores,Florida,Resort,4,10/31/2024,Fall,30630,71.79,4.6,Service,Exceptional staff and warm hospitality.
H1524,Metro Meridian,New York,Business,5,10/31/2024,Fall,77670,91.38,3.4,Amenities,Very basic and outdated facilities.
H1525,Budget Haven,Texas,Budget,3,10/31/2024,Fall,114460,88.74,5,Amenities,Top-notch amenities with everything you need.
H1526,Mountain Retreat,Colorado,Boutique,3,11/1/2024,Fall,72690,99.18,4.3,Service,Always greeted with a smile.
H1527,The Grand Oak,California,Luxury,5,11/1/2024,Fall,79420,93.15,4.5,Amenities,Modern amenities and comfortable spaces.
H1528,Seaside Shores,Florida,Resort,4,11/1/2024,Fall,91630,84.14,4.7,Service,Always greeted with a smile.
H1529,Metro Meridian,New York,Business,5,11/1/2024,Fall,7500,93.06,4.6,Cleanliness,Cleaned twice a day – amazing!
H1530,Budget Haven,Texas,Budget,3,11/1/2024,Fall,52520,80.03,4.1,Cleanliness,Had to dust a bit but overall room was clean.
H1531,Mountain Retreat,Colorado,Boutique,3,11/2/2024,Fall,40140,79.45,5,Amenities,Top-notch amenities with everything you need.
H1532,The Grand Oak,California,Luxury,5,11/2/2024,Fall,13210,74.14,3.9,Amenities,Modern amenities and comfortable spaces.
H1533,Seaside Shores,Florida,Resort,4,11/2/2024,Fall,52420,99.65,3,Amenities,Some amenities were broken or missing.
H1534,Metro Meridian,New York,Business,5,11/2/2024,Fall,82440,88.27,4.3,Cleanliness,Everything was sparkling clean and fresh.
H1535,Budget Haven,Texas,Budget,3,11/2/2024,Fall,94940,86.31,4.8,Service,Staff went above and beyond.
H1536,Mountain Retreat,Colorado,Boutique,3,11/3/2024,Fall,33340,79.52,4.8,Food,Loved every meal served.
H1537,The Grand Oak,California,Luxury,5,11/3/2024,Fall,99320,99.68,4.9,Cleanliness,Cleaned twice a day – amazing!
H1538,Seaside Shores,Florida,Resort,4,11/3/2024,Fall,93600,89.09,5,Service,Exceptional staff and warm hospitality.
H1539,Metro Meridian,New York,Business,5,11/3/2024,Fall,26660,87.55,4.1,Cleanliness,Room was mostly clean.
H1540,Budget Haven,Texas,Budget,3,11/3/2024,Fall,30960,73.91,3.9,Service,"Staff was helpful, though not always available."
H1541,Mountain Retreat,Colorado,Boutique,3,11/4/2024,Fall,52560,86.95,3.3,Amenities,Some amenities were broken or missing.
H1542,The Grand Oak,California,Luxury,5,11/4/2024,Fall,23890,84.61,5,Service,Exceptional staff and warm hospitality.
H1543,Seaside Shores,Florida,Resort,4,11/4/2024,Fall,51920,96.92,3.5,Cleanliness,A little bit of trash was still left in trash can.
H1544,Metro Meridian,New York,Business,5,11/4/2024,Fall,23760,82.57,4.2,Cleanliness,So clean it felt brand new.
H1545,Budget Haven,Texas,Budget,3,11/4/2024,Fall,42340,91.22,3.5,Food,Breakfast was limited but decent.
H1546,Mountain Retreat,Colorado,Boutique,3,11/5/2024,Fall,55390,82.07,3,Amenities,Okay. Nothing special.
H1547,The Grand Oak,California,Luxury,5,11/5/2024,Fall,84060,99,4.7,Amenities,Lots of extras included.
H1548,Seaside Shores,Florida,Resort,4,11/5/2024,Fall,11120,93.89,4.2,Service,Always greeted with a smile.
H1549,Metro Meridian,New York,Business,5,11/5/2024,Fall,49750,95.94,4.1,Amenities,Modern amenities and comfortable spaces.
H1550,Budget Haven,Texas,Budget,3,11/5/2024,Fall,119700,91.74,4.7,Cleanliness,Hygiene standards were top notch.
H1551,Mountain Retreat,Colorado,Boutique,3,11/6/2024,Fall,75880,96.53,3.9,Cleanliness,Had to dust a bit but overall room was clean.
H1552,The Grand Oak,California,Luxury,5,11/6/2024,Fall,77520,78.8,3.9,Amenities,Modern amenities and comfortable spaces.
H1553,Seaside Shores,Florida,Resort,4,11/6/2024,Fall,122480,89.96,4.6,Amenities,Top-notch amenities with everything you need.
H1554,Metro Meridian,New York,Business,5,11/6/2024,Fall,67820,74.58,4.6,Service,Always greeted with a smile.
H1555,Budget Haven,Texas,Budget,3,11/6/2024,Fall,96250,86.25,4.7,Cleanliness,Hygiene standards were top notch.
H1556,Mountain Retreat,Colorado,Boutique,3,11/7/2024,Fall,61690,84.37,5,Cleanliness,Hygiene standards were top notch.
H1557,The Grand Oak,California,Luxury,5,11/7/2024,Fall,66210,81.77,3.6,Service,"Staff was helpful, though not always available."
H1558,Seaside Shores,Florida,Resort,4,11/7/2024,Fall,116540,98.75,3.7,Cleanliness,Room could smell a little better.
H1559,Metro Meridian,New York,Business,5,11/7/2024,Fall,29730,98.89,4.3,Amenities,Top-notch amenities with everything you need.
H1560,Budget Haven,Texas,Budget,3,11/7/2024,Fall,122200,91.14,5,Food,Loved every meal served.
H1561,Mountain Retreat,Colorado,Boutique,3,11/8/2024,Fall,52340,97.83,5,Service,Always greeted with a smile.
H1562,The Grand Oak,California,Luxury,5,11/8/2024,Fall,56350,99.05,4.7,Cleanliness,So clean it felt brand new.
H1563,Seaside Shores,Florida,Resort,4,11/8/2024,Fall,12150,80.06,4,Cleanliness,Room could smell a little better.
H1564,Metro Meridian,New York,Business,5,11/8/2024,Fall,39740,99.15,4.8,Service,Always greeted with a smile.
H1565,Budget Haven,Texas,Budget,3,11/8/2024,Fall,50520,70.07,3.1,Service,"Staff was helpful, though not always available."
H1566,Mountain Retreat,Colorado,Boutique,3,11/9/2024,Fall,41260,94.63,4.7,Cleanliness,So clean it felt brand new.
H1567,The Grand Oak,California,Luxury,5,11/9/2024,Fall,54710,71.99,4.2,Cleanliness,Cleaned twice a day – amazing!
H1568,Seaside Shores,Florida,Resort,4,11/9/2024,Fall,24810,98.43,4.8,Cleanliness,Hygiene standards were top notch.
H1569,Metro Meridian,New York,Business,5,11/9/2024,Fall,40350,90.48,4.5,Food,Buffet was fantastic.
H1570,Budget Haven,Texas,Budget,3,11/9/2024,Fall,69830,89.23,5,Food,Tasty and well-prepared dishes.
H1571,Mountain Retreat,Colorado,Boutique,3,11/10/2024,Fall,22970,87.86,3.9,Food,Limited but decent selection.
H1572,The Grand Oak,California,Luxury,5,11/10/2024,Fall,21890,99.18,3.4,Amenities,"Felt like a hostel, not a hotel."
H1573,Seaside Shores,Florida,Resort,4,11/10/2024,Fall,81010,79.58,4.3,Amenities,Lots of extras included.
H1574,Metro Meridian,New York,Business,5,11/10/2024,Fall,108880,76.87,4.4,Service,Always greeted with a smile.
H1575,Budget Haven,Texas,Budget,3,11/10/2024,Fall,110000,84.56,4.6,Cleanliness,Hygiene standards were top notch.
H1576,Mountain Retreat,Colorado,Boutique,3,11/11/2024,Fall,55110,90.75,4.6,Cleanliness,So clean it felt brand new.
H1577,The Grand Oak,California,Luxury,5,11/11/2024,Fall,62240,81.07,3.6,Food,Food took a while to arrive.
H1578,Seaside Shores,Florida,Resort,4,11/11/2024,Fall,7070,92.49,4.5,Service,Staff went above and beyond.
H1579,Metro Meridian,New York,Business,5,11/11/2024,Fall,106440,94.83,4.4,Service,Staff went above and beyond.
H1580,Budget Haven,Texas,Budget,3,11/11/2024,Fall,38170,75.64,3.4,Food,Limited vegetarian options.
H1581,Mountain Retreat,Colorado,Boutique,3,11/12/2024,Fall,90570,97.63,4,Service,"Staff was helpful, though not always available."
H1582,The Grand Oak,California,Luxury,5,11/12/2024,Fall,103600,85.49,4.1,Cleanliness,Room was mostly clean.
H1583,Seaside Shores,Florida,Resort,4,11/12/2024,Fall,81750,95.94,4,Cleanliness,Room was mostly clean.
H1584,Metro Meridian,New York,Business,5,11/12/2024,Fall,37380,70.23,4.2,Amenities,Lots of extras included.
H1585,Budget Haven,Texas,Budget,3,11/12/2024,Fall,120470,93.8,4.4,Cleanliness,So clean it felt brand new.
H1586,Mountain Retreat,Colorado,Boutique,3,11/13/2024,Fall,62740,84.19,3.9,Food,Breakfast was limited but decent.
H1587,The Grand Oak,California,Luxury,5,11/13/2024,Fall,71620,74.18,4.6,Food,Tasty and well-prepared dishes.
H1588,Seaside Shores,Florida,Resort,4,11/13/2024,Fall,59960,95.59,4.5,Service,Exceptional staff and warm hospitality.
H1589,Metro Meridian,New York,Business,5,11/13/2024,Fall,86400,98.61,4.6,Amenities,Top-notch amenities with everything you need.
H1590,Budget Haven,Texas,Budget,3,11/13/2024,Fall,95020,73.45,3.7,Cleanliness,A little bit of trash was still left in trash can.
H1591,Mountain Retreat,Colorado,Boutique,3,11/14/2024,Fall,58060,83.49,3.1,Food,Didn't match the 5 star reviews
H1592,The Grand Oak,California,Luxury,5,11/14/2024,Fall,12330,81.51,5,Service,Staff went above and beyond.
H1593,Seaside Shores,Florida,Resort,4,11/14/2024,Fall,22900,94.03,3.3,Food,Food was average.
H1594,Metro Meridian,New York,Business,5,11/14/2024,Fall,22080,98.06,4.7,Amenities,Modern amenities and comfortable spaces.
H1595,Budget Haven,Texas,Budget,3,11/14/2024,Fall,117050,85.27,3,Food,Limited vegetarian options.
H1596,Mountain Retreat,Colorado,Boutique,3,11/15/2024,Fall,123490,76.62,4,Food,Food took a while to arrive.
H1597,The Grand Oak,California,Luxury,5,11/15/2024,Fall,41550,76.51,4.4,Food,Tasty and well-prepared dishes.
H1598,Seaside Shores,Florida,Resort,4,11/15/2024,Fall,66690,86.91,4.6,Service,Always greeted with a smile.
H1599,Metro Meridian,New York,Business,5,11/15/2024,Fall,111700,85.75,4.2,Cleanliness,So clean it felt brand new.
H1600,Budget Haven,Texas,Budget,3,11/15/2024,Fall,115130,96,4.7,Cleanliness,Cleaned twice a day – amazing!
H1601,Mountain Retreat,Colorado,Boutique,3,11/16/2024,Fall,41330,90.28,3,Food,Bland
H1602,The Grand Oak,California,Luxury,5,11/16/2024,Fall,20840,98.94,4.9,Amenities,Lots of extras included.
H1603,Seaside Shores,Florida,Resort,4,11/16/2024,Fall,95490,73.46,4,Amenities,Modern amenities and comfortable spaces.
H1604,Metro Meridian,New York,Business,5,11/16/2024,Fall,86580,85.36,4.4,Amenities,Top-notch amenities with everything you need.
H1605,Budget Haven,Texas,Budget,3,11/16/2024,Fall,21930,80.78,4.8,Amenities,Top-notch amenities with everything you need.
H1606,Mountain Retreat,Colorado,Boutique,3,11/17/2024,Fall,118430,99.44,4.5,Service,Always greeted with a smile.
H1607,The Grand Oak,California,Luxury,5,11/17/2024,Fall,40180,83.82,3.7,Cleanliness,A little bit of trash was still left in trash can.
H1608,Seaside Shores,Florida,Resort,4,11/17/2024,Fall,99690,73.3,4.5,Food,Tasty and well-prepared dishes.
H1609,Metro Meridian,New York,Business,5,11/17/2024,Fall,8730,74.51,4,Amenities,Modern amenities and comfortable spaces.
H1610,Budget Haven,Texas,Budget,3,11/17/2024,Fall,67830,70.54,3.9,Food,Food took a while to arrive.
H1611,Mountain Retreat,Colorado,Boutique,3,11/18/2024,Fall,109330,77.85,4.1,Cleanliness,So clean it felt brand new.
H1612,The Grand Oak,California,Luxury,5,11/18/2024,Fall,77710,77.6,4.1,Cleanliness,Had to dust a bit but overall room was clean.
H1613,Seaside Shores,Florida,Resort,4,11/18/2024,Fall,119780,88.17,5,Food,Loved every meal served.
H1614,Metro Meridian,New York,Business,5,11/18/2024,Fall,42630,96.23,3.3,Food,Limited vegetarian options.
H1615,Budget Haven,Texas,Budget,3,11/18/2024,Fall,81510,88.11,3.2,Food,Limited but decent selection.
H1616,Mountain Retreat,Colorado,Boutique,3,11/19/2024,Fall,7520,70.57,4.2,Service,Always greeted with a smile.
H1617,The Grand Oak,California,Luxury,5,11/19/2024,Fall,103900,92.14,4,Cleanliness,Room could smell a little better.
H1618,Seaside Shores,Florida,Resort,4,11/19/2024,Fall,65300,89.93,5,Service,Exceptional staff and warm hospitality.
H1619,Metro Meridian,New York,Business,5,11/19/2024,Fall,82690,92.11,4.1,Cleanliness,Room was mostly clean.
H1620,Budget Haven,Texas,Budget,3,11/19/2024,Fall,118600,74.5,4.9,Service,Exceptional staff and warm hospitality.
H1621,Mountain Retreat,Colorado,Boutique,3,11/20/2024,Fall,33140,83.48,4.8,Food,Tasty and well-prepared dishes.
H1622,The Grand Oak,California,Luxury,5,11/20/2024,Fall,31390,87.23,5,Amenities,Lots of extras included.
H1623,Seaside Shores,Florida,Resort,4,11/20/2024,Fall,97090,78.73,3.4,Amenities,Okay. Nothing special.
H1624,Metro Meridian,New York,Business,5,11/20/2024,Fall,74920,87.66,4.5,Cleanliness,So clean it felt brand new.
H1625,Budget Haven,Texas,Budget,3,11/20/2024,Fall,11690,84.13,3.3,Amenities,Some amenities were broken or missing.
H1626,Mountain Retreat,Colorado,Boutique,3,11/21/2024,Fall,92630,82.73,3.4,Service,Slow check-in.
H1627,The Grand Oak,California,Luxury,5,11/21/2024,Fall,98760,83.29,4.4,Amenities,Top-notch amenities with everything you need.
H1628,Seaside Shores,Florida,Resort,4,11/21/2024,Fall,18640,92.33,4.3,Food,Chef really knows their craft.
H1629,Metro Meridian,New York,Business,5,11/21/2024,Fall,109230,73.89,3.9,Cleanliness,Had to dust a bit but overall room was clean.
H1630,Budget Haven,Texas,Budget,3,11/21/2024,Fall,21960,73.24,3.9,Cleanliness,A little bit of trash was still left in trash can.
H1631,Mountain Retreat,Colorado,Boutique,3,11/22/2024,Fall,7560,88.8,4.4,Food,Loved every meal served.
H1632,The Grand Oak,California,Luxury,5,11/22/2024,Fall,52320,80.85,5,Amenities,Lots of extras included.
H1633,Seaside Shores,Florida,Resort,4,11/22/2024,Fall,22180,87.63,3.1,Amenities,"Felt like a hostel, not a hotel."
H1634,Metro Meridian,New York,Business,5,11/22/2024,Fall,54610,95.74,3.8,Cleanliness,A little bit of trash was still left in trash can.
H1635,Budget Haven,Texas,Budget,3,11/22/2024,Fall,107280,92.58,4.5,Cleanliness,So clean it felt brand new.
H1636,Mountain Retreat,Colorado,Boutique,3,11/23/2024,Fall,31780,79.35,5,Food,Tasty and well-prepared dishes.
H1637,The Grand Oak,California,Luxury,5,11/23/2024,Fall,112450,75.68,3.7,Amenities,Modern amenities and comfortable spaces.
H1638,Seaside Shores,Florida,Resort,4,11/23/2024,Fall,62730,70.22,4.5,Food,Loved every meal served.
H1639,Metro Meridian,New York,Business,5,11/23/2024,Fall,13680,97.89,3.5,Cleanliness,Clean enough for a short stay.
H1640,Budget Haven,Texas,Budget,3,11/23/2024,Fall,19130,77.46,3.2,Food,Food was average.
H1641,Mountain Retreat,Colorado,Boutique,3,11/24/2024,Fall,16970,86.66,3.8,Cleanliness,Hygiene standards were top notch.
H1642,The Grand Oak,California,Luxury,5,11/24/2024,Fall,113940,75.47,4.4,Food,Tasty and well-prepared dishes.
H1643,Seaside Shores,Florida,Resort,4,11/24/2024,Fall,11670,74.16,4.7,Cleanliness,Cleaned twice a day – amazing!
H1644,Metro Meridian,New York,Business,5,11/24/2024,Fall,15410,71.31,4.6,Cleanliness,So clean it felt brand new.
H1645,Budget Haven,Texas,Budget,3,11/24/2024,Fall,99480,79.08,3.5,Cleanliness,A little bit of trash was still left in trash can.
H1646,Mountain Retreat,Colorado,Boutique,3,11/25/2024,Fall,27170,98.37,5,Amenities,Lots of extras included.
H1647,The Grand Oak,California,Luxury,5,11/25/2024,Fall,56630,90.79,4.7,Amenities,Top-notch amenities with everything you need.
H1648,Seaside Shores,Florida,Resort,4,11/25/2024,Fall,100310,87.14,4,Food,Limited but decent selection.
H1649,Metro Meridian,New York,Business,5,11/25/2024,Fall,14930,80.45,4.2,Service,Always greeted with a smile.
H1650,Budget Haven,Texas,Budget,3,11/25/2024,Fall,56670,71.69,3.5,Cleanliness,Clean enough for a short stay.
H1651,Mountain Retreat,Colorado,Boutique,3,11/26/2024,Fall,30050,86.61,5,Amenities,Lots of extras included.
H1652,The Grand Oak,California,Luxury,5,11/26/2024,Fall,28610,74.07,4.1,Food,Breakfast was limited but decent.
H1653,Seaside Shores,Florida,Resort,4,11/26/2024,Fall,62360,82.57,4.2,Food,Loved every meal served.
H1654,Metro Meridian,New York,Business,5,11/26/2024,Fall,36310,98.18,4.3,Service,Staff went above and beyond.
H1655,Budget Haven,Texas,Budget,3,11/26/2024,Fall,80600,93.29,4.1,Food,Limited but decent selection.
H1656,Mountain Retreat,Colorado,Boutique,3,11/27/2024,Fall,110470,71.64,3.7,Food,Food took a while to arrive.
H1657,The Grand Oak,California,Luxury,5,11/27/2024,Fall,110140,75.94,3.6,Food,Food took a while to arrive.
H1658,Seaside Shores,Florida,Resort,4,11/27/2024,Fall,55660,85.84,4.7,Food,Loved every meal served.
H1659,Metro Meridian,New York,Business,5,11/27/2024,Fall,52240,79.48,3.6,Cleanliness,Had to dust a bit but overall room was clean.
H1660,Budget Haven,Texas,Budget,3,11/27/2024,Fall,106940,94.04,4.2,Service,Exceptional staff and warm hospitality.
H1661,Mountain Retreat,Colorado,Boutique,3,11/28/2024,Fall,91330,90.35,4.8,Amenities,Top-notch amenities with everything you need.
H1662,The Grand Oak,California,Luxury,5,11/28/2024,Fall,93980,73.48,3.4,Food,Food was average.
H1663,Seaside Shores,Florida,Resort,4,11/28/2024,Fall,20750,99.08,3.9,Cleanliness,Clean enough for a short stay.
H1664,Metro Meridian,New York,Business,5,11/28/2024,Fall,119970,98.11,3.6,Amenities,"Loved the spa, gym, and pool."
H1665,Budget Haven,Texas,Budget,3,11/28/2024,Fall,96900,94.47,3.2,Service,Slow check-in.
H1666,Mountain Retreat,Colorado,Boutique,3,11/29/2024,Fall,39530,85.35,3.3,Amenities,Very basic and outdated facilities.
H1667,The Grand Oak,California,Luxury,5,11/29/2024,Fall,78550,84.79,4.3,Amenities,Lots of extras included.
H1668,Seaside Shores,Florida,Resort,4,11/29/2024,Fall,37590,96.63,3.8,Cleanliness,Had to dust a bit but overall room was clean.
H1669,Metro Meridian,New York,Business,5,11/29/2024,Fall,97310,79.56,4,Food,Limited but decent selection.
H1670,Budget Haven,Texas,Budget,3,11/29/2024,Fall,32370,86.6,3.4,Amenities,Very basic and outdated facilities.
H1671,Mountain Retreat,Colorado,Boutique,3,11/30/2024,Fall,46810,71.53,3.7,Food,Food took a while to arrive.
H1672,The Grand Oak,California,Luxury,5,11/30/2024,Fall,79900,76.09,3.7,Food,Breakfast was limited but decent.
H1673,Seaside Shores,Florida,Resort,4,11/30/2024,Fall,67510,80.72,5,Cleanliness,Cleaned twice a day – amazing!
H1674,Metro Meridian,New York,Business,5,11/30/2024,Fall,123400,93.19,3.6,Cleanliness,Room was spotless and well-kept.
H1675,Budget Haven,Texas,Budget,3,11/30/2024,Fall,10770,99.42,3.8,Location,Excellent for walking everywhere.
H1676,Mountain Retreat,Colorado,Boutique,3,12/1/2024,Winter,46250,80.89,4.9,Location,Excellent for walking everywhere.
H1677,The Grand Oak,California,Luxury,5,12/1/2024,Winter,112680,86.18,4.2,Cleanliness,Super clean bathrooms and linens.
H1678,Seaside Shores,Florida,Resort,4,12/1/2024,Winter,88830,80.65,4.1,Cleanliness,Super clean bathrooms and linens.
H1679,Metro Meridian,New York,Business,5,12/1/2024,Winter,19630,76.79,4.3,Food,Tasty and well-prepared dishes.
H1680,Budget Haven,Texas,Budget,3,12/1/2024,Winter,24640,81.94,3.2,Service,Slow check-in process.
H1681,Mountain Retreat,Colorado,Boutique,3,12/2/2024,Winter,28170,90.46,4.9,Location,Excellent for walking everywhere.
H1682,The Grand Oak,California,Luxury,5,12/2/2024,Winter,57390,94.69,3,Cleanliness,Room was spotless and well-kept.
H1683,Seaside Shores,Florida,Resort,4,12/2/2024,Winter,35260,99.08,4.4,Service,Always greeted with a smile.
H1684,Metro Meridian,New York,Business,5,12/2/2024,Winter,85330,96.28,4.9,Location,Excellent for walking everywhere.
H1685,Budget Haven,Texas,Budget,3,12/2/2024,Winter,69690,97.26,4.8,Service,Always greeted with a smile.
H1686,Mountain Retreat,Colorado,Boutique,3,12/3/2024,Winter,82810,97.08,3.6,Service,Staff went above and beyond.
H1687,The Grand Oak,California,Luxury,5,12/3/2024,Winter,43370,75.4,3.8,Service,Staff went above and beyond.
H1688,Seaside Shores,Florida,Resort,4,12/3/2024,Winter,118420,88.08,4.9,Amenities,Modern amenities and comfortable spaces.
H1689,Metro Meridian,New York,Business,5,12/3/2024,Winter,94670,79.92,4.2,Cleanliness,Room was spotless and well-kept.
H1690,Budget Haven,Texas,Budget,3,12/3/2024,Winter,65920,70.29,4,Service,Always greeted with a smile.
H1691,Mountain Retreat,Colorado,Boutique,3,12/4/2024,Winter,87690,83.94,3.9,Location,Excellent for walking everywhere.
H1692,The Grand Oak,California,Luxury,5,12/4/2024,Winter,54290,98.42,4.7,Service,Staff went above and beyond.
H1693,Seaside Shores,Florida,Resort,4,12/4/2024,Winter,97540,92.29,4.4,Service,Always greeted with a smile.
H1694,Metro Meridian,New York,Business,5,12/4/2024,Winter,18950,73.68,4.6,Cleanliness,Super clean bathrooms and linens.
H1695,Budget Haven,Texas,Budget,3,12/4/2024,Winter,57470,96.83,4.9,Location,Excellent for walking everywhere.
H1696,Mountain Retreat,Colorado,Boutique,3,12/5/2024,Winter,22920,92.95,3.2,Service,Slow check-in process.
H1697,The Grand Oak,California,Luxury,5,12/5/2024,Winter,62540,88.58,3.8,Location,Excellent for walking everywhere.
H1698,Seaside Shores,Florida,Resort,4,12/5/2024,Winter,47870,71.84,3.7,Cleanliness,Room was spotless and well-kept.
H1699,Metro Meridian,New York,Business,5,12/5/2024,Winter,43820,92.63,3.7,Amenities,Modern amenities and comfortable spaces.
H1700,Budget Haven,Texas,Budget,3,12/5/2024,Winter,79550,77.11,4.7,Amenities,Modern amenities and comfortable spaces.
H1701,Mountain Retreat,Colorado,Boutique,3,12/6/2024,Winter,46670,73.49,3.9,Cleanliness,Room was spotless and well-kept.
H1702,The Grand Oak,California,Luxury,5,12/6/2024,Winter,8770,73.23,4.1,Cleanliness,Super clean bathrooms and linens.
H1703,Seaside Shores,Florida,Resort,4,12/6/2024,Winter,45540,84.59,3.2,Service,Slow check-in process.
H1704,Metro Meridian,New York,Business,5,12/6/2024,Winter,92770,71.77,4.2,Location,Excellent for walking everywhere.
H1705,Budget Haven,Texas,Budget,3,12/6/2024,Winter,48440,73.83,4.4,Service,Always greeted with a smile.
H1706,Mountain Retreat,Colorado,Boutique,3,12/7/2024,Winter,52760,83.53,4.3,Service,Staff went above and beyond.
H1707,The Grand Oak,California,Luxury,5,12/7/2024,Winter,80530,80.76,4.8,Service,Staff went above and beyond.
H1708,Seaside Shores,Florida,Resort,4,12/7/2024,Winter,90870,87.24,4.3,Cleanliness,Super clean bathrooms and linens.
H1709,Metro Meridian,New York,Business,5,12/7/2024,Winter,92000,81.16,4.9,Cleanliness,Super clean bathrooms and linens.
H1710,Budget Haven,Texas,Budget,3,12/7/2024,Winter,28360,81.95,3.5,Location,Excellent for walking everywhere.
H1711,Mountain Retreat,Colorado,Boutique,3,12/8/2024,Winter,78410,70.62,4.9,Location,Excellent for walking everywhere.
H1712,The Grand Oak,California,Luxury,5,12/8/2024,Winter,15000,80.97,3.9,Cleanliness,Room was spotless and well-kept.
H1713,Seaside Shores,Florida,Resort,4,12/8/2024,Winter,95820,85.65,4.7,Cleanliness,Super clean bathrooms and linens.
H1714,Metro Meridian,New York,Business,5,12/8/2024,Winter,72680,86.69,3.2,Service,Slow check-in process.
H1715,Budget Haven,Texas,Budget,3,12/8/2024,Winter,48990,75.46,4.5,Cleanliness,Super clean bathrooms and linens.
H1716,Mountain Retreat,Colorado,Boutique,3,12/9/2024,Winter,71980,85.47,4.4,Service,Always greeted with a smile.
H1717,The Grand Oak,California,Luxury,5,12/9/2024,Winter,9190,73.62,4.4,Service,Always greeted with a smile.
H1718,Seaside Shores,Florida,Resort,4,12/9/2024,Winter,102870,83.4,4.2,Cleanliness,Super clean bathrooms and linens.
H1719,Metro Meridian,New York,Business,5,12/9/2024,Winter,117500,95.03,3.8,Location,Excellent for walking everywhere.
H1720,Budget Haven,Texas,Budget,3,12/9/2024,Winter,97160,85.1,4.4,Service,Always greeted with a smile.
H1721,Mountain Retreat,Colorado,Boutique,3,12/10/2024,Winter,13560,70.67,4.6,Service,Always greeted with a smile.
H1722,The Grand Oak,California,Luxury,5,12/10/2024,Winter,70190,89.83,4.8,Amenities,Modern amenities and comfortable spaces.
H1723,Seaside Shores,Florida,Resort,4,12/10/2024,Winter,66970,70.37,3.5,Service,Slow check-in process.
H1724,Metro Meridian,New York,Business,5,12/10/2024,Winter,46340,86.83,4.4,Food,Tasty and well-prepared dishes.
H1725,Budget Haven,Texas,Budget,3,12/10/2024,Winter,54910,90.64,4.1,Service,Slow check-in process.
H1726,Mountain Retreat,Colorado,Boutique,3,12/11/2024,Winter,71110,82.7,3.7,Service,Staff went above and beyond.
H1727,The Grand Oak,California,Luxury,5,12/11/2024,Winter,65220,85.44,4,Location,Excellent for walking everywhere.
H1728,Seaside Shores,Florida,Resort,4,12/11/2024,Winter,122320,98.91,4.8,Service,Always greeted with a smile.
H1729,Metro Meridian,New York,Business,5,12/11/2024,Winter,12750,70.54,3.6,Cleanliness,Room was spotless and well-kept.
H1730,Budget Haven,Texas,Budget,3,12/11/2024,Winter,27500,92.59,4.6,Amenities,Modern amenities and comfortable spaces.
H1731,Mountain Retreat,Colorado,Boutique,3,12/12/2024,Winter,102260,81.46,3.8,Amenities,Modern amenities and comfortable spaces.
H1732,The Grand Oak,California,Luxury,5,12/12/2024,Winter,93390,98.95,3.9,Cleanliness,Room was spotless and well-kept.
H1733,Seaside Shores,Florida,Resort,4,12/12/2024,Winter,123650,95.55,4.4,Service,Always greeted with a smile.
H1734,Metro Meridian,New York,Business,5,12/12/2024,Winter,83700,84.72,4.6,Cleanliness,Super clean bathrooms and linens.
H1735,Budget Haven,Texas,Budget,3,12/12/2024,Winter,47110,76.51,4.1,Service,Slow check-in process.
H1736,Mountain Retreat,Colorado,Boutique,3,12/13/2024,Winter,123810,83.83,3.6,Service,Staff went above and beyond.
H1737,The Grand Oak,California,Luxury,5,12/13/2024,Winter,117970,86.68,4.3,Amenities,Modern amenities and comfortable spaces.
H1738,Seaside Shores,Florida,Resort,4,12/13/2024,Winter,44930,70.33,4.1,Cleanliness,Room was spotless and well-kept.
H1739,Metro Meridian,New York,Business,5,12/13/2024,Winter,93590,78.16,3.9,Cleanliness,Super clean bathrooms and linens.
H1740,Budget Haven,Texas,Budget,3,12/13/2024,Winter,116700,80.8,4,Location,Excellent for walking everywhere.
H1741,Mountain Retreat,Colorado,Boutique,3,12/14/2024,Winter,92340,97.7,4.8,Amenities,Modern amenities and comfortable spaces.
H1742,The Grand Oak,California,Luxury,5,12/14/2024,Winter,41080,73.47,4.1,Service,Staff went above and beyond.
H1743,Seaside Shores,Florida,Resort,4,12/14/2024,Winter,69930,84.83,3.9,Cleanliness,Room was spotless and well-kept.
H1744,Metro Meridian,New York,Business,5,12/14/2024,Winter,60440,86.91,4.9,Amenities,Modern amenities and comfortable spaces.
H1745,Budget Haven,Texas,Budget,3,12/14/2024,Winter,58110,91.13,3.9,Service,Staff went above and beyond.
H1746,Mountain Retreat,Colorado,Boutique,3,12/15/2024,Winter,97780,87.44,3.9,Service,Slow check-in process.
H1747,The Grand Oak,California,Luxury,5,12/15/2024,Winter,8910,89.47,4.1,Service,Staff went above and beyond.
H1748,Seaside Shores,Florida,Resort,4,12/15/2024,Winter,65010,91.44,4.6,Service,Always greeted with a smile.
H1749,Metro Meridian,New York,Business,5,12/15/2024,Winter,33190,98.69,4.8,Service,Staff went above and beyond.
H1750,Budget Haven,Texas,Budget,3,12/15/2024,Winter,122070,97.41,4.6,Location,Excellent for walking everywhere.
H1751,Mountain Retreat,Colorado,Boutique,3,12/16/2024,Winter,72640,83.4,4.5,Location,Excellent for walking everywhere.
H1752,The Grand Oak,California,Luxury,5,12/16/2024,Winter,52960,73.42,4.3,Location,Excellent for walking everywhere.
H1753,Seaside Shores,Florida,Resort,4,12/16/2024,Winter,28240,72.77,4.3,Food,Tasty and well-prepared dishes.
H1754,Metro Meridian,New York,Business,5,12/16/2024,Winter,101080,76.54,4.6,Service,Always greeted with a smile.
H1755,Budget Haven,Texas,Budget,3,12/16/2024,Winter,95730,97.78,3.8,Service,Slow check-in process.
H1756,Mountain Retreat,Colorado,Boutique,3,12/17/2024,Winter,90260,81.1,4.2,Cleanliness,Super clean bathrooms and linens.
H1757,The Grand Oak,California,Luxury,5,12/17/2024,Winter,62410,85.27,4.5,Service,Staff went above and beyond.
H1758,Seaside Shores,Florida,Resort,4,12/17/2024,Winter,51570,74.82,4.2,Cleanliness,Super clean bathrooms and linens.
H1759,Metro Meridian,New York,Business,5,12/17/2024,Winter,60010,76.43,4.2,Service,Staff went above and beyond.
H1760,Budget Haven,Texas,Budget,3,12/17/2024,Winter,18060,76.16,4.3,Service,Always greeted with a smile.
H1761,Mountain Retreat,Colorado,Boutique,3,12/18/2024,Winter,107430,73.86,4.6,Amenities,Modern amenities and comfortable spaces.
H1762,The Grand Oak,California,Luxury,5,12/18/2024,Winter,68800,99.1,4,Amenities,Modern amenities and comfortable spaces.
H1763,Seaside Shores,Florida,Resort,4,12/18/2024,Winter,86280,91.52,3.8,Food,Tasty and well-prepared dishes.
H1764,Metro Meridian,New York,Business,5,12/18/2024,Winter,114370,98.35,5,Service,Always greeted with a smile.
H1765,Budget Haven,Texas,Budget,3,12/18/2024,Winter,25560,90.84,4.1,Location,Excellent for walking everywhere.
H1766,Mountain Retreat,Colorado,Boutique,3,12/19/2024,Winter,51840,87.66,3.7,Amenities,Modern amenities and comfortable spaces.
H1767,The Grand Oak,California,Luxury,5,12/19/2024,Winter,10620,76.02,4,Cleanliness,Super clean bathrooms and linens.
H1768,Seaside Shores,Florida,Resort,4,12/19/2024,Winter,24820,85.17,4.9,Food,Tasty and well-prepared dishes.
H1769,Metro Meridian,New York,Business,5,12/19/2024,Winter,26500,74.28,4.5,Service,Staff went above and beyond.
H1770,Budget Haven,Texas,Budget,3,12/19/2024,Winter,77850,83.33,4.4,Amenities,Modern amenities and comfortable spaces.
H1771,Mountain Retreat,Colorado,Boutique,3,12/20/2024,Winter,26990,72.21,4.6,Service,Always greeted with a smile.
H1772,The Grand Oak,California,Luxury,5,12/20/2024,Winter,37050,81.05,3.9,Cleanliness,Room was spotless and well-kept.
H1773,Seaside Shores,Florida,Resort,4,12/20/2024,Winter,49840,91.89,4.5,Food,Tasty and well-prepared dishes.
H1774,Metro Meridian,New York,Business,5,12/20/2024,Winter,40780,76.71,4.6,Cleanliness,Room was spotless and well-kept.
H1775,Budget Haven,Texas,Budget,3,12/20/2024,Winter,51080,77.1,4,Service,Staff went above and beyond.
H1776,Mountain Retreat,Colorado,Boutique,3,12/21/2024,Winter,79090,72.32,4.8,Food,Tasty and well-prepared dishes.
H1777,The Grand Oak,California,Luxury,5,12/21/2024,Winter,72370,82.64,4.8,Location,Excellent for walking everywhere.
H1778,Seaside Shores,Florida,Resort,4,12/21/2024,Winter,94180,78.92,4.6,Service,Always greeted with a smile.
H1779,Metro Meridian,New York,Business,5,12/21/2024,Winter,14570,83.83,3.7,Cleanliness,Room was spotless and well-kept.
H1780,Budget Haven,Texas,Budget,3,12/21/2024,Winter,116230,70.7,4.3,Food,Tasty and well-prepared dishes.
H1781,Mountain Retreat,Colorado,Boutique,3,12/22/2024,Winter,76110,76.75,4.6,Service,Always greeted with a smile.
H1782,The Grand Oak,California,Luxury,5,12/22/2024,Winter,50290,84.78,3.8,Cleanliness,Super clean bathrooms and linens.
H1783,Seaside Shores,Florida,Resort,4,12/22/2024,Winter,7650,98.27,3.8,Service,Always greeted with a smile.
H1784,Metro Meridian,New York,Business,5,12/22/2024,Winter,115590,78.81,4.2,Location,Excellent for walking everywhere.
H1785,Budget Haven,Texas,Budget,3,12/22/2024,Winter,29690,95.2,4.6,Service,Always greeted with a smile.
H1786,Mountain Retreat,Colorado,Boutique,3,12/23/2024,Winter,107690,97.34,4.6,Cleanliness,Super clean bathrooms and linens.
H1787,The Grand Oak,California,Luxury,5,12/23/2024,Winter,23120,96.39,5,Amenities,Modern amenities and comfortable spaces.
H1788,Seaside Shores,Florida,Resort,4,12/23/2024,Winter,105310,82.19,5,Amenities,Modern amenities and comfortable spaces.
H1789,Metro Meridian,New York,Business,5,12/23/2024,Winter,63240,89.08,4.7,Food,Tasty and well-prepared dishes.
H1790,Budget Haven,Texas,Budget,3,12/23/2024,Winter,90220,90.26,4.3,Food,Tasty and well-prepared dishes.
H1791,Mountain Retreat,Colorado,Boutique,3,12/24/2024,Winter,34800,75.62,3.6,Location,Excellent for walking everywhere.
H1792,The Grand Oak,California,Luxury,5,12/24/2024,Winter,12700,93.09,4.7,Service,Always greeted with a smile.
H1793,Seaside Shores,Florida,Resort,4,12/24/2024,Winter,72380,85.55,3.8,Cleanliness,Room was spotless and well-kept.
H1794,Metro Meridian,New York,Business,5,12/24/2024,Winter,76100,99.94,4.2,Amenities,Modern amenities and comfortable spaces.
H1795,Budget Haven,Texas,Budget,3,12/24/2024,Winter,19070,84.52,3.8,Service,Always greeted with a smile.
H1796,Mountain Retreat,Colorado,Boutique,3,12/25/2024,Winter,61440,78.85,4.8,Service,Always greeted with a smile.
H1797,The Grand Oak,California,Luxury,5,12/25/2024,Winter,86220,91.27,4.5,Amenities,Modern amenities and comfortable spaces.
H1798,Seaside Shores,Florida,Resort,4,12/25/2024,Winter,39970,72.34,3.7,Food,Tasty and well-prepared dishes.
H1799,Metro Meridian,New York,Business,5,12/25/2024,Winter,73020,97.73,3.9,Location,Excellent for walking everywhere.
H1800,Budget Haven,Texas,Budget,3,12/25/2024,Winter,102780,91.76,3.8,Cleanliness,Super clean bathrooms and linens.
H1801,Mountain Retreat,Colorado,Boutique,3,12/26/2024,Winter,110260,86.52,4.6,Service,Always greeted with a smile.
H1802,The Grand Oak,California,Luxury,5,12/26/2024,Winter,74440,94.15,3.6,Service,Always greeted with a smile.
H1803,Seaside Shores,Florida,Resort,4,12/26/2024,Winter,30610,88.68,4,Amenities,Modern amenities and comfortable spaces.
H1804,Metro Meridian,New York,Business,5,12/26/2024,Winter,67730,92.11,4.7,Food,Tasty and well-prepared dishes.
H1805,Budget Haven,Texas,Budget,3,12/26/2024,Winter,76380,89.92,4.6,Service,Always greeted with a smile.
H1806,Mountain Retreat,Colorado,Boutique,3,12/27/2024,Winter,55280,90.29,4.6,Service,Always greeted with a smile.
H1807,The Grand Oak,California,Luxury,5,12/27/2024,Winter,120020,84.27,4.9,Amenities,Modern amenities and comfortable spaces.
H1808,Seaside Shores,Florida,Resort,4,12/27/2024,Winter,31500,89.59,3.6,Food,Tasty and well-prepared dishes.
H1809,Metro Meridian,New York,Business,5,12/27/2024,Winter,39410,96.56,4.9,Cleanliness,Super clean bathrooms and linens.
H1810,Budget Haven,Texas,Budget,3,12/27/2024,Winter,35470,74.44,4.1,Service,Slow check-in process.
H1811,Mountain Retreat,Colorado,Boutique,3,12/28/2024,Winter,18380,71.99,4.9,Service,Always greeted with a smile.
H1812,The Grand Oak,California,Luxury,5,12/28/2024,Winter,16250,85.94,4.4,Food,Tasty and well-prepared dishes.
H1813,Seaside Shores,Florida,Resort,4,12/28/2024,Winter,81550,89.3,4.1,Service,Slow check-in process.
H1814,Metro Meridian,New York,Business,5,12/28/2024,Winter,110040,74.74,4.1,Service,Slow check-in process.
H1815,Budget Haven,Texas,Budget,3,12/28/2024,Winter,108850,90.48,4.6,Service,Always greeted with a smile.
H1816,Mountain Retreat,Colorado,Boutique,3,12/29/2024,Winter,9690,92.57,4.3,Amenities,Modern amenities and comfortable spaces.
H1817,The Grand Oak,California,Luxury,5,12/29/2024,Winter,105370,76.78,4.6,Service,Always greeted with a smile.
H1818,Seaside Shores,Florida,Resort,4,12/29/2024,Winter,80900,82.19,3.9,Food,Tasty and well-prepared dishes.
H1819,Metro Meridian,New York,Business,5,12/29/2024,Winter,104220,97.96,3.5,Amenities,Modern amenities and comfortable spaces.
H1820,Budget Haven,Texas,Budget,3,12/29/2024,Winter,88620,97.09,4.4,Amenities,Modern amenities and comfortable spaces.
H1821,Mountain Retreat,Colorado,Boutique,3,12/30/2024,Winter,34160,85.43,4.3,Cleanliness,Super clean bathrooms and linens.
H1822,The Grand Oak,California,Luxury,5,12/30/2024,Winter,107490,97.07,3.6,Food,Tasty and well-prepared dishes.
H1823,Seaside Shores,Florida,Resort,4,12/30/2024,Winter,108610,74.77,4.1,Service,Always greeted with a smile.
H1824,Metro Meridian,New York,Business,5,12/30/2024,Winter,10690,84.88,4.3,Service,Always greeted with a smile.
H1825,Budget Haven,Texas,Budget,3,12/30/2024,Winter,75410,82.65,3.5,Food,Tasty and well-prepared dishes.
H1826,Mountain Retreat,Colorado,Boutique,3,12/31/2024,Winter,50790,77.85,4.6,Service,Always greeted with a smile.
H1827,The Grand Oak,California,Luxury,5,12/31/2024,Winter,78620,89.49,4.3,Service,Staff went above and beyond.
H1828,Seaside Shores,Florida,Resort,4,12/31/2024,Winter,29890,88.96,4.2,Location,Excellent for walking everywhere.
H1829,Metro Meridian,New York,Business,5,12/31/2024,Winter,47630,71.94,4.2,Amenities,Modern amenities and comfortable spaces.
H1830,Budget Haven,Texas,Budget,3,12/31/2024,Winter,87440,88.32,4.2,Service,Always greeted with a smile.
H1831,Mountain Retreat,Colorado,Boutique,3,1/1/2025,Winter,19660,97.57,3.9,Amenities,Modern amenities and comfortable spaces.
H1832,The Grand Oak,California,Luxury,5,1/1/2025,Winter,63280,71.64,4.7,Food,Tasty and well-prepared dishes.
H1833,Seaside Shores,Florida,Resort,4,1/1/2025,Winter,117190,92.45,4.6,Amenities,Modern amenities and comfortable spaces.
H1834,Metro Meridian,New York,Business,5,1/1/2025,Winter,93270,71.31,4.6,Service,Staff went above and beyond.
H1835,Budget Haven,Texas,Budget,3,1/1/2025,Winter,117690,72.17,4,Location,Excellent for walking everywhere.
H1836,Mountain Retreat,Colorado,Boutique,3,1/2/2025,Winter,41780,72.05,4.4,Cleanliness,Super clean bathrooms and linens.
H1837,The Grand Oak,California,Luxury,5,1/2/2025,Winter,95570,94.31,4.4,Location,Excellent for walking everywhere.
H1838,Seaside Shores,Florida,Resort,4,1/2/2025,Winter,50760,90.3,4.2,Cleanliness,Room was spotless and well-kept.
H1839,Metro Meridian,New York,Business,5,1/2/2025,Winter,123630,93.05,4.9,Cleanliness,Super clean bathrooms and linens.
H1840,Budget Haven,Texas,Budget,3,1/2/2025,Winter,29860,90.79,4.3,Service,Always greeted with a smile.
H1841,Mountain Retreat,Colorado,Boutique,3,1/3/2025,Winter,39380,90.3,3.6,Service,Always greeted with a smile.
H1842,The Grand Oak,California,Luxury,5,1/3/2025,Winter,49310,91.43,4,Service,Staff went above and beyond.
H1843,Seaside Shores,Florida,Resort,4,1/3/2025,Winter,73770,84.72,4.5,Service,Staff went above and beyond.
H1844,Metro Meridian,New York,Business,5,1/3/2025,Winter,113140,93.27,4.1,Cleanliness,Room was spotless and well-kept.
H1845,Budget Haven,Texas,Budget,3,1/3/2025,Winter,124790,79.68,4.3,Food,Tasty and well-prepared dishes.
H1846,Mountain Retreat,Colorado,Boutique,3,1/4/2025,Winter,98310,96.01,4.1,Location,Excellent for walking everywhere.
H1847,The Grand Oak,California,Luxury,5,1/4/2025,Winter,12180,74.6,4.9,Cleanliness,Room was spotless and well-kept.
H1848,Seaside Shores,Florida,Resort,4,1/4/2025,Winter,39570,78.19,5,Service,Always greeted with a smile.
H1849,Metro Meridian,New York,Business,5,1/4/2025,Winter,43010,85.58,4.9,Amenities,Modern amenities and comfortable spaces.
H1850,Budget Haven,Texas,Budget,3,1/4/2025,Winter,63030,85.47,5,Service,Always greeted with a smile.
H1851,Mountain Retreat,Colorado,Boutique,3,1/5/2025,Winter,32540,89.79,5,Service,Always greeted with a smile.
H1852,The Grand Oak,California,Luxury,5,1/5/2025,Winter,116720,74.68,4.4,Cleanliness,Super clean bathrooms and linens.
H1853,Seaside Shores,Florida,Resort,4,1/5/2025,Winter,62230,76.35,4.9,Cleanliness,Super clean bathrooms and linens.
H1854,Metro Meridian,New York,Business,5,1/5/2025,Winter,122470,87.01,4.9,Service,Staff went above and beyond.
H1855,Budget Haven,Texas,Budget,3,1/5/2025,Winter,103200,74.62,4.6,Food,Tasty and well-prepared dishes.
H1856,Mountain Retreat,Colorado,Boutique,3,1/6/2025,Winter,54000,90.41,3.7,Cleanliness,Room was spotless and well-kept.
H1857,The Grand Oak,California,Luxury,5,1/6/2025,Winter,87650,97.81,4.3,Cleanliness,Room was spotless and well-kept.
H1858,Seaside Shores,Florida,Resort,4,1/6/2025,Winter,79080,99.16,4.5,Food,Tasty and well-prepared dishes.
H1859,Metro Meridian,New York,Business,5,1/6/2025,Winter,124370,84.38,3.6,Amenities,Modern amenities and comfortable spaces.
H1860,Budget Haven,Texas,Budget,3,1/6/2025,Winter,100660,96.63,4.1,Service,Slow check-in process.
H1861,Mountain Retreat,Colorado,Boutique,3,1/7/2025,Winter,109170,81.05,5,Cleanliness,Super clean bathrooms and linens.
H1862,The Grand Oak,California,Luxury,5,1/7/2025,Winter,95620,90.8,4.4,Food,Tasty and well-prepared dishes.
H1863,Seaside Shores,Florida,Resort,4,1/7/2025,Winter,115470,71.1,4.2,Food,Tasty and well-prepared dishes.
H1864,Metro Meridian,New York,Business,5,1/7/2025,Winter,119490,78.14,4,Service,Always greeted with a smile.
H1865,Budget Haven,Texas,Budget,3,1/7/2025,Winter,53210,99.89,3.9,Amenities,Modern amenities and comfortable spaces.
H1866,Mountain Retreat,Colorado,Boutique,3,1/8/2025,Winter,33630,98.51,4,Location,Excellent for walking everywhere.
H1867,The Grand Oak,California,Luxury,5,1/8/2025,Winter,40670,87.86,4.7,Cleanliness,Super clean bathrooms and linens.
H1868,Seaside Shores,Florida,Resort,4,1/8/2025,Winter,11490,88.79,5,Service,Always greeted with a smile.
H1869,Metro Meridian,New York,Business,5,1/8/2025,Winter,84660,83.41,4.3,Cleanliness,Super clean bathrooms and linens.
H1870,Budget Haven,Texas,Budget,3,1/8/2025,Winter,114830,98.67,4.2,Amenities,Modern amenities and comfortable spaces.
H1871,Mountain Retreat,Colorado,Boutique,3,1/9/2025,Winter,107100,93.95,4.1,Food,Tasty and well-prepared dishes.
H1872,The Grand Oak,California,Luxury,5,1/9/2025,Winter,92580,90.28,5,Service,Always greeted with a smile.
H1873,Seaside Shores,Florida,Resort,4,1/9/2025,Winter,101780,78.31,5,Service,Always greeted with a smile.
H1874,Metro Meridian,New York,Business,5,1/9/2025,Winter,81060,98,3.9,Food,Tasty and well-prepared dishes.
H1875,Budget Haven,Texas,Budget,3,1/9/2025,Winter,9570,84.9,4.7,Location,Excellent for walking everywhere.
H1876,Mountain Retreat,Colorado,Boutique,3,1/10/2025,Winter,94160,88.54,5,Food,Tasty and well-prepared dishes.
H1877,The Grand Oak,California,Luxury,5,1/10/2025,Winter,45840,90.81,4.9,Amenities,Modern amenities and comfortable spaces.
H1878,Seaside Shores,Florida,Resort,4,1/10/2025,Winter,80010,94.08,4.7,Location,Excellent for walking everywhere.
H1879,Metro Meridian,New York,Business,5,1/10/2025,Winter,104210,86.37,3.8,Amenities,Modern amenities and comfortable spaces.
H1880,Budget Haven,Texas,Budget,3,1/10/2025,Winter,110060,79.83,5,Service,Always greeted with a smile.
H1881,Mountain Retreat,Colorado,Boutique,3,1/11/2025,Winter,83000,73.32,5,Service,Always greeted with a smile.
H1882,The Grand Oak,California,Luxury,5,1/11/2025,Winter,55150,76.48,3.7,Service,Slow check-in process.
H1883,Seaside Shores,Florida,Resort,4,1/11/2025,Winter,77950,87.05,4.9,Service,Always greeted with a smile.
H1884,Metro Meridian,New York,Business,5,1/11/2025,Winter,84940,90.59,4.1,Service,Slow check-in process.
H1885,Budget Haven,Texas,Budget,3,1/11/2025,Winter,32010,81.41,4.1,Amenities,Modern amenities and comfortable spaces.
H1886,Mountain Retreat,Colorado,Boutique,3,1/12/2025,Winter,109280,92.12,5,Service,Always greeted with a smile.
H1887,The Grand Oak,California,Luxury,5,1/12/2025,Winter,83590,72.89,4.3,Service,Always greeted with a smile.
H1888,Seaside Shores,Florida,Resort,4,1/12/2025,Winter,111820,74.73,4.2,Food,Tasty and well-prepared dishes.
H1889,Metro Meridian,New York,Business,5,1/12/2025,Winter,95730,77.46,4.1,Service,Slow check-in process.
H1890,Budget Haven,Texas,Budget,3,1/12/2025,Winter,34110,70.67,5,Service,Always greeted with a smile.
H1891,Mountain Retreat,Colorado,Boutique,3,1/13/2025,Winter,68220,77.33,4.9,Service,Always greeted with a smile.
H1892,The Grand Oak,California,Luxury,5,1/13/2025,Winter,115720,90.89,3.8,Food,Tasty and well-prepared dishes.
H1893,Seaside Shores,Florida,Resort,4,1/13/2025,Winter,29470,88.51,4.4,Service,Staff went above and beyond.
H1894,Metro Meridian,New York,Business,5,1/13/2025,Winter,72570,73.96,5,Service,Always greeted with a smile.
H1895,Budget Haven,Texas,Budget,3,1/13/2025,Winter,62820,95.91,4.2,Service,Staff went above and beyond.
H1896,Mountain Retreat,Colorado,Boutique,3,1/14/2025,Winter,104480,84.28,4.6,Service,Staff went above and beyond.
H1897,The Grand Oak,California,Luxury,5,1/14/2025,Winter,82270,70.05,4.2,Service,Staff went above and beyond.
H1898,Seaside Shores,Florida,Resort,4,1/14/2025,Winter,49840,90.9,4.3,Food,Tasty and well-prepared dishes.
H1899,Metro Meridian,New York,Business,5,1/14/2025,Winter,48990,83.77,4.5,Location,Excellent for walking everywhere.
H1900,Budget Haven,Texas,Budget,3,1/14/2025,Winter,10720,82.03,4.4,Food,Tasty and well-prepared dishes.
H1901,Mountain Retreat,Colorado,Boutique,3,1/15/2025,Winter,18230,74.91,4.5,Cleanliness,Room was spotless and well-kept.
H1902,The Grand Oak,California,Luxury,5,1/15/2025,Winter,85780,79.17,3.9,Cleanliness,Room was spotless and well-kept.
H1903,Seaside Shores,Florida,Resort,4,1/15/2025,Winter,116650,82.74,4.1,Cleanliness,Super clean bathrooms and linens.
H1904,Metro Meridian,New York,Business,5,1/15/2025,Winter,92770,73.5,4.7,Cleanliness,Room was spotless and well-kept.
H1905,Budget Haven,Texas,Budget,3,1/15/2025,Winter,26140,88.96,4.4,Food,Tasty and well-prepared dishes.
H1906,Mountain Retreat,Colorado,Boutique,3,1/16/2025,Winter,20180,87.66,4.7,Service,Staff went above and beyond.
H1907,The Grand Oak,California,Luxury,5,1/16/2025,Winter,50270,82.09,4.3,Amenities,Modern amenities and comfortable spaces.
H1908,Seaside Shores,Florida,Resort,4,1/16/2025,Winter,35990,92,4.4,Location,Excellent for walking everywhere.
H1909,Metro Meridian,New York,Business,5,1/16/2025,Winter,50640,98.29,5,Service,Always greeted with a smile.
H1910,Budget Haven,Texas,Budget,3,1/16/2025,Winter,66550,88.93,5,Service,Staff went above and beyond.
H1911,Mountain Retreat,Colorado,Boutique,3,1/17/2025,Winter,98010,74.74,3.5,Service,Slow check-in process.
H1912,The Grand Oak,California,Luxury,5,1/17/2025,Winter,74490,92.68,3.6,Service,Always greeted with a smile.
H1913,Seaside Shores,Florida,Resort,4,1/17/2025,Winter,83090,87.28,5,Service,Always greeted with a smile.
H1914,Metro Meridian,New York,Business,5,1/17/2025,Winter,40890,81.92,3.7,Cleanliness,Super clean bathrooms and linens.
H1915,Budget Haven,Texas,Budget,3,1/17/2025,Winter,46580,99.61,4.4,Service,Always greeted with a smile.
H1916,Mountain Retreat,Colorado,Boutique,3,1/18/2025,Winter,88630,80.84,3.5,Cleanliness,Room was spotless and well-kept.
H1917,The Grand Oak,California,Luxury,5,1/18/2025,Winter,91030,84.56,4.5,Amenities,Modern amenities and comfortable spaces.
H1918,Seaside Shores,Florida,Resort,4,1/18/2025,Winter,32320,89.43,5,Amenities,Modern amenities and comfortable spaces.
H1919,Metro Meridian,New York,Business,5,1/18/2025,Winter,120800,84.39,4.8,Service,Always greeted with a smile.
H1920,Budget Haven,Texas,Budget,3,1/18/2025,Winter,116580,89.56,3.7,Cleanliness,Super clean bathrooms and linens.
H1921,Mountain Retreat,Colorado,Boutique,3,1/19/2025,Winter,67200,94.43,3.7,Service,Slow check-in process.
H1922,The Grand Oak,California,Luxury,5,1/19/2025,Winter,77560,71.84,4.4,Service,Always greeted with a smile.
H1923,Seaside Shores,Florida,Resort,4,1/19/2025,Winter,82380,82.89,4.4,Location,Excellent for walking everywhere.
H1924,Metro Meridian,New York,Business,5,1/19/2025,Winter,9250,85.28,4.8,Cleanliness,Room was spotless and well-kept.
H1925,Budget Haven,Texas,Budget,3,1/19/2025,Winter,102650,71.38,3.8,Location,Excellent for walking everywhere.
H1926,Mountain Retreat,Colorado,Boutique,3,1/20/2025,Winter,97570,75.55,4.2,Amenities,Modern amenities and comfortable spaces.
H1927,The Grand Oak,California,Luxury,5,1/20/2025,Winter,84010,70.67,3.9,Service,Staff went above and beyond.
H1928,Seaside Shores,Florida,Resort,4,1/20/2025,Winter,79240,81.37,4.7,Service,Staff went above and beyond.
H1929,Metro Meridian,New York,Business,5,1/20/2025,Winter,37820,87.49,4.7,Cleanliness,Super clean bathrooms and linens.
H1930,Budget Haven,Texas,Budget,3,1/20/2025,Winter,84140,92.5,3.6,Service,Slow check-in process.
H1931,Mountain Retreat,Colorado,Boutique,3,1/21/2025,Winter,77210,87.47,4.9,Service,Always greeted with a smile.
H1932,The Grand Oak,California,Luxury,5,1/21/2025,Winter,84170,71.18,4.9,Amenities,Modern amenities and comfortable spaces.
H1933,Seaside Shores,Florida,Resort,4,1/21/2025,Winter,90840,75.75,4.7,Amenities,Modern amenities and comfortable spaces.
H1934,Metro Meridian,New York,Business,5,1/21/2025,Winter,41030,75.51,5,Service,Always greeted with a smile.
H1935,Budget Haven,Texas,Budget,3,1/21/2025,Winter,91780,96.04,4.1,Service,Slow check-in process.
H1936,Mountain Retreat,Colorado,Boutique,3,1/22/2025,Winter,103870,84.95,4.4,Cleanliness,Room was spotless and well-kept.
H1937,The Grand Oak,California,Luxury,5,1/22/2025,Winter,103550,70.9,5,Service,Always greeted with a smile.
H1938,Seaside Shores,Florida,Resort,4,1/22/2025,Winter,24570,75.1,4.5,Cleanliness,Super clean bathrooms and linens.
H1939,Metro Meridian,New York,Business,5,1/22/2025,Winter,50770,71.6,3.7,Location,Excellent for walking everywhere.
H1940,Budget Haven,Texas,Budget,3,1/22/2025,Winter,23850,79.73,3.8,Cleanliness,Super clean bathrooms and linens.
H1941,Mountain Retreat,Colorado,Boutique,3,1/23/2025,Winter,12410,99.65,3.9,Location,Excellent for walking everywhere.
H1942,The Grand Oak,California,Luxury,5,1/23/2025,Winter,24430,87.82,4.7,Cleanliness,Room was spotless and well-kept.
H1943,Seaside Shores,Florida,Resort,4,1/23/2025,Winter,66980,81.59,5,Food,Tasty and well-prepared dishes.
H1944,Metro Meridian,New York,Business,5,1/23/2025,Winter,50250,81.98,3.7,Cleanliness,Room was spotless and well-kept.
H1945,Budget Haven,Texas,Budget,3,1/23/2025,Winter,43970,99.67,4.6,Cleanliness,Room was spotless and well-kept.
H1946,Mountain Retreat,Colorado,Boutique,3,1/24/2025,Winter,34560,85.85,3.5,Service,Staff went above and beyond.
H1947,The Grand Oak,California,Luxury,5,1/24/2025,Winter,103440,77.27,5,Service,Always greeted with a smile.
H1948,Seaside Shores,Florida,Resort,4,1/24/2025,Winter,20410,83.13,5,Service,Always greeted with a smile.
H1949,Metro Meridian,New York,Business,5,1/24/2025,Winter,117050,71.15,4.5,Service,Staff went above and beyond.
H1950,Budget Haven,Texas,Budget,3,1/24/2025,Winter,37850,73.29,3.8,Cleanliness,Super clean bathrooms and linens.
H1951,Mountain Retreat,Colorado,Boutique,3,1/25/2025,Winter,38530,72.42,3.9,Service,Always greeted with a smile.
H1952,The Grand Oak,California,Luxury,5,1/25/2025,Winter,121120,95.63,4.7,Service,Staff went above and beyond.
H1953,Seaside Shores,Florida,Resort,4,1/25/2025,Winter,27700,77.45,4.9,Cleanliness,Super clean bathrooms and linens.
H1954,Metro Meridian,New York,Business,5,1/25/2025,Winter,103210,76.58,3.7,Service,Slow check-in process.
H1955,Budget Haven,Texas,Budget,3,1/25/2025,Winter,52170,85.53,4.1,Service,Slow check-in process.
H1956,Mountain Retreat,Colorado,Boutique,3,1/26/2025,Winter,34370,75.23,4.3,Service,Staff went above and beyond.
H1957,The Grand Oak,California,Luxury,5,1/26/2025,Winter,7080,92.11,4.3,Service,Always greeted with a smile.
H1958,Seaside Shores,Florida,Resort,4,1/26/2025,Winter,49830,70.09,3.9,Location,Excellent for walking everywhere.
H1959,Metro Meridian,New York,Business,5,1/26/2025,Winter,18930,85.07,4.3,Amenities,Modern amenities and comfortable spaces.
H1960,Budget Haven,Texas,Budget,3,1/26/2025,Winter,36970,87.28,4.5,Food,Tasty and well-prepared dishes.
H1961,Mountain Retreat,Colorado,Boutique,3,1/27/2025,Winter,45790,77.23,3.7,Service,Slow check-in process.
H1962,The Grand Oak,California,Luxury,5,1/27/2025,Winter,67270,90.39,5,Amenities,Modern amenities and comfortable spaces.
H1963,Seaside Shores,Florida,Resort,4,1/27/2025,Winter,29230,92.14,4.6,Cleanliness,Room was spotless and well-kept.
H1964,Metro Meridian,New York,Business,5,1/27/2025,Winter,102320,92.67,4.8,Location,Excellent for walking everywhere.
H1965,Budget Haven,Texas,Budget,3,1/27/2025,Winter,107750,99.1,3.5,Location,Excellent for walking everywhere.
H1966,Mountain Retreat,Colorado,Boutique,3,1/28/2025,Winter,74660,83.05,4,Food,Tasty and well-prepared dishes.
H1967,The Grand Oak,California,Luxury,5,1/28/2025,Winter,46670,77.83,3.9,Amenities,Modern amenities and comfortable spaces.
H1968,Seaside Shores,Florida,Resort,4,1/28/2025,Winter,21590,76.52,3.5,Location,Excellent for walking everywhere.
H1969,Metro Meridian,New York,Business,5,1/28/2025,Winter,67330,78.89,4.9,Cleanliness,Super clean bathrooms and linens.
H1970,Budget Haven,Texas,Budget,3,1/28/2025,Winter,101070,76.55,4,Cleanliness,Room was spotless and well-kept.
H1971,Mountain Retreat,Colorado,Boutique,3,1/29/2025,Winter,54690,87.15,4.5,Service,Always greeted with a smile.
H1972,The Grand Oak,California,Luxury,5,1/29/2025,Winter,117880,94.74,4.6,Service,Always greeted with a smile.
H1973,Seaside Shores,Florida,Resort,4,1/29/2025,Winter,117470,91.84,3.7,Food,Tasty and well-prepared dishes.
H1974,Metro Meridian,New York,Business,5,1/29/2025,Winter,79810,97.5,4.7,Food,Tasty and well-prepared dishes.
H1975,Budget Haven,Texas,Budget,3,1/29/2025,Winter,94990,79.13,4.2,Cleanliness,Super clean bathrooms and linens.
H1976,Mountain Retreat,Colorado,Boutique,3,1/30/2025,Winter,69270,98.55,3.9,Location,Excellent for walking everywhere.
H1977,The Grand Oak,California,Luxury,5,1/30/2025,Winter,94560,85.11,4.5,Service,Always greeted with a smile.
H1978,Seaside Shores,Florida,Resort,4,1/30/2025,Winter,15570,70.03,4.9,Service,Always greeted with a smile.
H1979,Metro Meridian,New York,Business,5,1/30/2025,Winter,102030,96.87,5,Service,Always greeted with a smile.
H1980,Budget Haven,Texas,Budget,3,1/30/2025,Winter,76200,82.65,4.3,Cleanliness,Super clean bathrooms and linens.
H1981,Mountain Retreat,Colorado,Boutique,3,1/31/2025,Winter,118930,90.1,5,Service,Always greeted with a smile.
H1982,The Grand Oak,California,Luxury,5,1/31/2025,Winter,81890,81.75,4.4,Amenities,Modern amenities and comfortable spaces.
H1983,Seaside Shores,Florida,Resort,4,1/31/2025,Winter,124040,78.83,4.2,Service,Staff went above and beyond.
H1984,Metro Meridian,New York,Business,5,1/31/2025,Winter,71360,81.34,3.8,Location,Excellent for walking everywhere.
H1985,Budget Haven,Texas,Budget,3,1/31/2025,Winter,105390,74.97,4.1,Amenities,Modern amenities and comfortable spaces.
H1986,Mountain Retreat,Colorado,Boutique,3,2/1/2025,Winter,88810,95.76,3.8,Service,Slow check-in process.
H1987,The Grand Oak,California,Luxury,5,2/1/2025,Winter,78380,91.43,5,Service,Always greeted with a smile.
H1988,Seaside Shores,Florida,Resort,4,2/1/2025,Winter,8520,80.83,4.4,Cleanliness,Super clean bathrooms and linens.
H1989,Metro Meridian,New York,Business,5,2/1/2025,Winter,109030,88.53,3.9,Location,Excellent for walking everywhere.
H1990,Budget Haven,Texas,Budget,3,2/1/2025,Winter,68200,94.83,4,Service,Staff went above and beyond.
H1991,Mountain Retreat,Colorado,Boutique,3,2/2/2025,Winter,68430,99.12,5,Service,Always greeted with a smile.
H1992,The Grand Oak,California,Luxury,5,2/2/2025,Winter,100240,84.62,5,Service,Always greeted with a smile.
H1993,Seaside Shores,Florida,Resort,4,2/2/2025,Winter,55420,92.42,4.6,Amenities,Modern amenities and comfortable spaces.
H1994,Metro Meridian,New York,Business,5,2/2/2025,Winter,55010,92.75,4.4,Service,Staff went above and beyond.
H1995,Budget Haven,Texas,Budget,3,2/2/2025,Winter,34780,93.33,3.6,Cleanliness,Super clean bathrooms and linens.
H1996,Mountain Retreat,Colorado,Boutique,3,2/3/2025,Winter,94320,92.88,3.6,Amenities,Modern amenities and comfortable spaces.
H1997,The Grand Oak,California,Luxury,5,2/3/2025,Winter,114090,83.32,4,Amenities,Modern amenities and comfortable spaces.
H1998,Seaside Shores,Florida,Resort,4,2/3/2025,Winter,30110,76.99,4.2,Service,Always greeted with a smile.
H1999,Metro Meridian,New York,Business,5,2/3/2025,Winter,88840,87.53,5,Service,Always greeted with a smile.
H2000,Budget Haven,Texas,Budget,3,2/3/2025,Winter,19970,94.94,4.1,Service,Slow check-in process.
H2001,Mountain Retreat,Colorado,Boutique,3,2/4/2025,Winter,38050,95.15,3.8,Service,Slow check-in process.
H2002,The Grand Oak,California,Luxury,5,2/4/2025,Winter,119640,86.59,4.1,Service,Always greeted with a smile.
H2003,Seaside Shores,Florida,Resort,4,2/4/2025,Winter,51080,71.34,3.7,Amenities,Modern amenities and comfortable spaces.
H2004,Metro Meridian,New York,Business,5,2/4/2025,Winter,15070,85.37,4.5,Food,Tasty and well-prepared dishes.
H2005,Budget Haven,Texas,Budget,3,2/4/2025,Winter,76580,95.55,3.6,Food,Tasty and well-prepared dishes.
H2006,Mountain Retreat,Colorado,Boutique,3,2/5/2025,Winter,17130,73.82,4.8,Cleanliness,Super clean bathrooms and linens.
H2007,The Grand Oak,California,Luxury,5,2/5/2025,Winter,40650,75.68,4.1,Service,Slow check-in process.
H2008,Seaside Shores,Florida,Resort,4,2/5/2025,Winter,94920,99.31,3.6,Location,Excellent for walking everywhere.
H2009,Metro Meridian,New York,Business,5,2/5/2025,Winter,20680,79.65,5,Service,Always greeted with a smile.
H2010,Budget Haven,Texas,Budget,3,2/5/2025,Winter,95010,71.48,3.9,Amenities,Modern amenities and comfortable spaces.
H2011,Mountain Retreat,Colorado,Boutique,3,2/6/2025,Winter,56330,96.11,5,Service,Always greeted with a smile.
H2012,The Grand Oak,California,Luxury,5,2/6/2025,Winter,63430,92.74,3.5,Service,Staff went above and beyond.
H2013,Seaside Shores,Florida,Resort,4,2/6/2025,Winter,46180,95.25,4,Location,Excellent for walking everywhere.
H2014,Metro Meridian,New York,Business,5,2/6/2025,Winter,114820,74.2,4.6,Cleanliness,Room was spotless and well-kept.
H2015,Budget Haven,Texas,Budget,3,2/6/2025,Winter,49880,72.28,4.4,Amenities,Modern amenities and comfortable spaces.
H2016,Mountain Retreat,Colorado,Boutique,3,2/7/2025,Winter,113790,90.87,4,Food,Tasty and well-prepared dishes.
H2017,The Grand Oak,California,Luxury,5,2/7/2025,Winter,91860,76.41,3.8,Location,Excellent for walking everywhere.
H2018,Seaside Shores,Florida,Resort,4,2/7/2025,Winter,29020,87.18,4.7,Service,Staff went above and beyond.
H2019,Metro Meridian,New York,Business,5,2/7/2025,Winter,64020,72.5,5,Service,Always greeted with a smile.
H2020,Budget Haven,Texas,Budget,3,2/7/2025,Winter,56390,95.99,4.2,Location,Excellent for walking everywhere.
H2021,Mountain Retreat,Colorado,Boutique,3,2/8/2025,Winter,50110,97.17,4.2,Cleanliness,Super clean bathrooms and linens.
H2022,The Grand Oak,California,Luxury,5,2/8/2025,Winter,56880,99.58,5,Cleanliness,Room was spotless and well-kept.
H2023,Seaside Shores,Florida,Resort,4,2/8/2025,Winter,95100,97.8,4.9,Cleanliness,Super clean bathrooms and linens.
H2024,Metro Meridian,New York,Business,5,2/8/2025,Winter,104970,94.53,3.8,Service,Always greeted with a smile.
H2025,Budget Haven,Texas,Budget,3,2/8/2025,Winter,102790,80.47,4.1,Location,Excellent for walking everywhere.
H2026,Mountain Retreat,Colorado,Boutique,3,2/9/2025,Winter,93710,88.15,5,Service,Always greeted with a smile.
H2027,The Grand Oak,California,Luxury,5,2/9/2025,Winter,123050,85.12,3.8,Cleanliness,Super clean bathrooms and linens.
H2028,Seaside Shores,Florida,Resort,4,2/9/2025,Winter,112670,90.71,3.7,Food,Tasty and well-prepared dishes.
H2029,Metro Meridian,New York,Business,5,2/9/2025,Winter,103130,72.99,4.2,Cleanliness,Super clean bathrooms and linens.
H2030,Budget Haven,Texas,Budget,3,2/9/2025,Winter,117780,96.68,4.8,Service,Staff went above and beyond.
H2031,Mountain Retreat,Colorado,Boutique,3,2/10/2025,Winter,122370,95.46,3.6,Service,Staff went above and beyond.
H2032,The Grand Oak,California,Luxury,5,2/10/2025,Winter,53020,88.49,5,Service,Always greeted with a smile.
H2033,Seaside Shores,Florida,Resort,4,2/10/2025,Winter,56110,74.07,4.3,Location,Excellent for walking everywhere.
H2034,Metro Meridian,New York,Business,5,2/10/2025,Winter,46970,96.72,5,Service,Always greeted with a smile.
H2035,Budget Haven,Texas,Budget,3,2/10/2025,Winter,16410,99.67,4.2,Service,Staff went above and beyond.
H2036,Mountain Retreat,Colorado,Boutique,3,2/11/2025,Winter,40280,93.53,3.8,Cleanliness,Super clean bathrooms and linens.
H2037,The Grand Oak,California,Luxury,5,2/11/2025,Winter,50070,94.57,3.6,Food,Tasty and well-prepared dishes.
H2038,Seaside Shores,Florida,Resort,4,2/11/2025,Winter,19040,72.05,5,Service,Always greeted with a smile.
H2039,Metro Meridian,New York,Business,5,2/11/2025,Winter,80550,95.72,3.8,Service,Always greeted with a smile.
H2040,Budget Haven,Texas,Budget,3,2/11/2025,Winter,14470,75.84,4,Food,Tasty and well-prepared dishes.
H2041,Mountain Retreat,Colorado,Boutique,3,2/12/2025,Winter,101410,98.61,5,Cleanliness,Super clean bathrooms and linens.
H2042,The Grand Oak,California,Luxury,5,2/12/2025,Winter,18270,79.36,3.8,Service,Staff went above and beyond.
H2043,Seaside Shores,Florida,Resort,4,2/12/2025,Winter,17950,96.78,4.1,Service,Slow check-in process.
H2044,Metro Meridian,New York,Business,5,2/12/2025,Winter,12630,90.82,4.7,Cleanliness,Room was spotless and well-kept.
H2045,Budget Haven,Texas,Budget,3,2/12/2025,Winter,13460,79.07,4.3,Service,Always greeted with a smile.
H2046,Mountain Retreat,Colorado,Boutique,3,2/13/2025,Winter,84000,71.25,3.7,Cleanliness,Room was spotless and well-kept.
H2047,The Grand Oak,California,Luxury,5,2/13/2025,Winter,124980,71.99,5,Cleanliness,Super clean bathrooms and linens.
H2048,Seaside Shores,Florida,Resort,4,2/13/2025,Winter,63410,93.29,3.9,Cleanliness,Super clean bathrooms and linens.
H2049,Metro Meridian,New York,Business,5,2/13/2025,Winter,12650,97.02,5,Service,Always greeted with a smile.
H2050,Budget Haven,Texas,Budget,3,2/13/2025,Winter,35990,95.42,4.5,Cleanliness,Room was spotless and well-kept.
H2051,Mountain Retreat,Colorado,Boutique,3,2/14/2025,Winter,86150,92.48,4.4,Food,Tasty and well-prepared dishes.
H2052,The Grand Oak,California,Luxury,5,2/14/2025,Winter,80900,77.1,5,Service,Always greeted with a smile.
H2053,Seaside Shores,Florida,Resort,4,2/14/2025,Winter,64730,72.42,4.6,Location,Excellent for walking everywhere.
H2054,Metro Meridian,New York,Business,5,2/14/2025,Winter,64700,90.62,4.6,Amenities,Modern amenities and comfortable spaces.
H2055,Budget Haven,Texas,Budget,3,2/14/2025,Winter,76290,74.95,5,Service,Always greeted with a smile.
H2056,Mountain Retreat,Colorado,Boutique,3,2/15/2025,Winter,8080,75.43,4.1,Location,Excellent for walking everywhere.
H2057,The Grand Oak,California,Luxury,5,2/15/2025,Winter,56950,91.09,4.9,Food,Tasty and well-prepared dishes.
H2058,Seaside Shores,Florida,Resort,4,2/15/2025,Winter,103080,82.18,4.5,Service,Staff went above and beyond.
H2059,Metro Meridian,New York,Business,5,2/15/2025,Winter,8720,80.57,4.1,Service,Slow check-in process.
H2060,Budget Haven,Texas,Budget,3,2/15/2025,Winter,100610,87.69,4,Cleanliness,Room was spotless and well-kept.
H2061,Mountain Retreat,Colorado,Boutique,3,2/16/2025,Winter,71650,96.1,3.8,Location,Excellent for walking everywhere.
H2062,The Grand Oak,California,Luxury,5,2/16/2025,Winter,36620,81.72,5,Service,Always greeted with a smile.
H2063,Seaside Shores,Florida,Resort,4,2/16/2025,Winter,97250,75.35,4.1,Amenities,Modern amenities and comfortable spaces.
H2064,Metro Meridian,New York,Business,5,2/16/2025,Winter,62180,73.48,4.1,Service,Slow check-in process.
H2065,Budget Haven,Texas,Budget,3,2/16/2025,Winter,70760,84.32,3.6,Service,Always greeted with a smile.
H2066,Mountain Retreat,Colorado,Boutique,3,2/17/2025,Winter,106870,70.42,4.3,Cleanliness,Room was spotless and well-kept.
H2067,The Grand Oak,California,Luxury,5,2/17/2025,Winter,48730,71.38,5,Cleanliness,Super clean bathrooms and linens.
H2068,Seaside Shores,Florida,Resort,4,2/17/2025,Winter,65990,84.76,3.8,Cleanliness,Super clean bathrooms and linens.
H2069,Metro Meridian,New York,Business,5,2/17/2025,Winter,73070,76.71,4.7,Service,Staff went above and beyond.
H2070,Budget Haven,Texas,Budget,3,2/17/2025,Winter,27540,96.07,4.8,Service,Always greeted with a smile.
H2071,Mountain Retreat,Colorado,Boutique,3,2/18/2025,Winter,21000,87.07,3.9,Service,Slow check-in process.
H2072,The Grand Oak,California,Luxury,5,2/18/2025,Winter,69500,86.04,4.7,Cleanliness,Room was spotless and well-kept.
H2073,Seaside Shores,Florida,Resort,4,2/18/2025,Winter,13790,78.87,3.6,Food,Tasty and well-prepared dishes.
H2074,Metro Meridian,New York,Business,5,2/18/2025,Winter,23720,91.96,3.6,Service,Slow check-in process.
H2075,Budget Haven,Texas,Budget,3,2/18/2025,Winter,89210,89.75,4.9,Food,Tasty and well-prepared dishes.
H2076,Mountain Retreat,Colorado,Boutique,3,2/19/2025,Winter,117980,95.11,3.6,Cleanliness,Super clean bathrooms and linens.
H2077,The Grand Oak,California,Luxury,5,2/19/2025,Winter,28860,92.25,4.3,Service,Always greeted with a smile.
H2078,Seaside Shores,Florida,Resort,4,2/19/2025,Winter,65750,92.55,3.9,Cleanliness,Super clean bathrooms and linens.
H2079,Metro Meridian,New York,Business,5,2/19/2025,Winter,73390,94.6,5,Service,Always greeted with a smile.
H2080,Budget Haven,Texas,Budget,3,2/19/2025,Winter,77580,97.22,4.3,Service,Staff went above and beyond.
H2081,Mountain Retreat,Colorado,Boutique,3,2/20/2025,Winter,20900,81.49,4.3,Cleanliness,Room was spotless and well-kept.
H2082,The Grand Oak,California,Luxury,5,2/20/2025,Winter,99450,78.89,5,Cleanliness,Super clean bathrooms and linens.
H2083,Seaside Shores,Florida,Resort,4,2/20/2025,Winter,49410,96.28,3.8,Service,Slow check-in process.
H2084,Metro Meridian,New York,Business,5,2/20/2025,Winter,56500,87.06,4,Service,Always greeted with a smile.
H2085,Budget Haven,Texas,Budget,3,2/20/2025,Winter,72870,86.66,4.7,Location,Excellent for walking everywhere.
H2086,Mountain Retreat,Colorado,Boutique,3,2/21/2025,Winter,34760,71.81,4.1,Service,Slow check-in process.
H2087,The Grand Oak,California,Luxury,5,2/21/2025,Winter,120910,79.4,3.6,Location,Excellent for walking everywhere.
H2088,Seaside Shores,Florida,Resort,4,2/21/2025,Winter,89710,86.82,4.6,Cleanliness,Super clean bathrooms and linens.
H2089,Metro Meridian,New York,Business,5,2/21/2025,Winter,22850,70.64,4.5,Service,Always greeted with a smile.
H2090,Budget Haven,Texas,Budget,3,2/21/2025,Winter,29520,77.28,3.9,Cleanliness,Room was spotless and well-kept.
H2091,Mountain Retreat,Colorado,Boutique,3,2/22/2025,Winter,32710,91.17,4.3,Service,Staff went above and beyond.
H2092,The Grand Oak,California,Luxury,5,2/22/2025,Winter,68030,98.01,4.1,Service,Slow check-in process.
H2093,Seaside Shores,Florida,Resort,4,2/22/2025,Winter,77430,84.66,3.6,Cleanliness,Room was spotless and well-kept.
H2094,Metro Meridian,New York,Business,5,2/22/2025,Winter,115260,77.84,4.7,Service,Always greeted with a smile.
H2095,Budget Haven,Texas,Budget,3,2/22/2025,Winter,88770,73.54,5,Service,Always greeted with a smile.
H2096,Mountain Retreat,Colorado,Boutique,3,2/23/2025,Winter,24580,99.15,3.7,Service,Staff went above and beyond.
H2097,The Grand Oak,California,Luxury,5,2/23/2025,Winter,65910,95.37,4,Cleanliness,Super clean bathrooms and linens.
H2098,Seaside Shores,Florida,Resort,4,2/23/2025,Winter,107870,91.22,4,Cleanliness,Room was spotless and well-kept.
H2099,Metro Meridian,New York,Business,5,2/23/2025,Winter,116350,90.43,3.7,Amenities,Modern amenities and comfortable spaces.
H2100,Budget Haven,Texas,Budget,3,2/23/2025,Winter,116790,87.41,4.8,Service,Staff went above and beyond.
H2101,Mountain Retreat,Colorado,Boutique,3,2/24/2025,Winter,74090,77.19,4.6,Amenities,Modern amenities and comfortable spaces.
H2102,The Grand Oak,California,Luxury,5,2/24/2025,Winter,33560,90.84,3.6,Service,Always greeted with a smile.
H2103,Seaside Shores,Florida,Resort,4,2/24/2025,Winter,103240,98.76,3.5,Service,Slow check-in process.
H2104,Metro Meridian,New York,Business,5,2/24/2025,Winter,13010,75.79,4.7,Food,Tasty and well-prepared dishes.
H2105,Budget Haven,Texas,Budget,3,2/24/2025,Winter,67460,95.39,4.8,Cleanliness,Room was spotless and well-kept.
H2106,Mountain Retreat,Colorado,Boutique,3,2/25/2025,Winter,97430,89.5,5,Service,Always greeted with a smile.
H2107,The Grand Oak,California,Luxury,5,2/25/2025,Winter,10540,78.59,3.8,Location,Excellent for walking everywhere.
H2108,Seaside Shores,Florida,Resort,4,2/25/2025,Winter,67650,80.92,3.9,Cleanliness,Room was spotless and well-kept.
H2109,Metro Meridian,New York,Business,5,2/25/2025,Winter,55080,83.67,3.7,Service,Slow check-in process.
H2110,Budget Haven,Texas,Budget,3,2/25/2025,Winter,98380,87.54,3.9,Cleanliness,Super clean bathrooms and linens.
H2111,Mountain Retreat,Colorado,Boutique,3,2/26/2025,Winter,89770,99.01,5,Location,Excellent for walking everywhere.
H2112,The Grand Oak,California,Luxury,5,2/26/2025,Winter,117760,94.23,4.4,Amenities,Modern amenities and comfortable spaces.
H2113,Seaside Shores,Florida,Resort,4,2/26/2025,Winter,105460,92.08,4.4,Cleanliness,Super clean bathrooms and linens.
H2114,Metro Meridian,New York,Business,5,2/26/2025,Winter,69120,88.93,4,Food,Tasty and well-prepared dishes.
H2115,Budget Haven,Texas,Budget,3,2/26/2025,Winter,66770,90.9,5,Service,Staff went above and beyond.
H2116,Mountain Retreat,Colorado,Boutique,3,2/27/2025,Winter,27640,87.3,4.2,Food,Tasty and well-prepared dishes.
H2117,The Grand Oak,California,Luxury,5,2/27/2025,Winter,83980,90.56,5,Service,Staff went above and beyond.
H2118,Seaside Shores,Florida,Resort,4,2/27/2025,Winter,49930,79.62,4.3,Food,Tasty and well-prepared dishes.
H2119,Metro Meridian,New York,Business,5,2/27/2025,Winter,63950,73.38,5,Service,Always greeted with a smile.
H2120,Budget Haven,Texas,Budget,3,2/27/2025,Winter,48860,97.35,3.8,Service,Slow check-in process.
H2121,Mountain Retreat,Colorado,Boutique,3,2/28/2025,Winter,24580,75.56,4.4,Location,Excellent for walking everywhere.
H2122,The Grand Oak,California,Luxury,5,2/28/2025,Winter,86140,77.01,3.7,Service,Staff went above and beyond.
H2123,Seaside Shores,Florida,Resort,4,2/28/2025,Winter,46760,81.83,4.2,Location,Excellent for walking everywhere.
H2124,Metro Meridian,New York,Business,5,2/28/2025,Winter,13850,78.66,4.3,Amenities,Modern amenities and comfortable spaces.
H2125,Budget Haven,Texas,Budget,3,2/28/2025,Winter,114920,83.79,4.6,Amenities,Modern amenities and comfortable spaces.
H2126,Mountain Retreat,Colorado,Boutique,3,3/1/2025,Spring,25280,89.91,4.1,Service,Always greeted with a smile.
H2127,The Grand Oak,California,Luxury,5,3/1/2025,Spring,92270,91.61,4.8,Cleanliness,Super clean bathrooms and linens.
H2128,Seaside Shores,Florida,Resort,4,3/1/2025,Spring,77660,75.62,4.4,Service,Staff went above and beyond.
H2129,Metro Meridian,New York,Business,5,3/1/2025,Spring,37680,96.49,4.1,Service,Slow check-in process.
H2130,Budget Haven,Texas,Budget,3,3/1/2025,Spring,108710,98.95,4.3,Cleanliness,Super clean bathrooms and linens.
H2131,Mountain Retreat,Colorado,Boutique,3,3/2/2025,Spring,95720,75.69,5,Cleanliness,Room was spotless and well-kept.
H2132,The Grand Oak,California,Luxury,5,3/2/2025,Spring,60290,84.31,4.3,Service,Always greeted with a smile.
H2133,Seaside Shores,Florida,Resort,4,3/2/2025,Spring,8620,78.74,3.7,Service,Slow check-in process.
H2134,Metro Meridian,New York,Business,5,3/2/2025,Spring,67560,97.23,3.5,Cleanliness,Super clean bathrooms and linens.
H2135,Budget Haven,Texas,Budget,3,3/2/2025,Spring,123110,87.36,3.7,Service,Slow check-in process.
H2136,Mountain Retreat,Colorado,Boutique,3,3/3/2025,Spring,112230,89.91,3.8,Cleanliness,Super clean bathrooms and linens.
H2137,The Grand Oak,California,Luxury,5,3/3/2025,Spring,35850,73.44,4.1,Cleanliness,Room was spotless and well-kept.
H2138,Seaside Shores,Florida,Resort,4,3/3/2025,Spring,23760,95.96,3.8,Cleanliness,Super clean bathrooms and linens.
H2139,Metro Meridian,New York,Business,5,3/3/2025,Spring,72090,93.02,3.5,Service,Slow check-in process.
H2140,Budget Haven,Texas,Budget,3,3/3/2025,Spring,50930,71.78,3.8,Cleanliness,Room was spotless and well-kept.
H2141,Mountain Retreat,Colorado,Boutique,3,3/4/2025,Spring,110120,91.49,3.6,Cleanliness,Super clean bathrooms and linens.
H2142,The Grand Oak,California,Luxury,5,3/4/2025,Spring,87120,75.58,4.5,Food,Tasty and well-prepared dishes.
H2143,Seaside Shores,Florida,Resort,4,3/4/2025,Spring,78910,96.89,3.7,Service,Always greeted with a smile.
H2144,Metro Meridian,New York,Business,5,3/4/2025,Spring,11090,95.02,3.8,Service,Always greeted with a smile.
H2145,Budget Haven,Texas,Budget,3,3/4/2025,Spring,11290,76.69,4.8,Service,Staff went above and beyond.
H2146,Mountain Retreat,Colorado,Boutique,3,3/5/2025,Spring,106710,96.17,4.7,Cleanliness,Super clean bathrooms and linens.
H2147,The Grand Oak,California,Luxury,5,3/5/2025,Spring,62300,90.45,4.5,Service,Staff went above and beyond.
H2148,Seaside Shores,Florida,Resort,4,3/5/2025,Spring,70470,81.24,3.5,Amenities,Modern amenities and comfortable spaces.
H2149,Metro Meridian,New York,Business,5,3/5/2025,Spring,24050,87.87,3.7,Food,Tasty and well-prepared dishes.
H2150,Budget Haven,Texas,Budget,3,3/5/2025,Spring,124860,97.44,4.3,Service,Always greeted with a smile.
H2151,Mountain Retreat,Colorado,Boutique,3,3/6/2025,Spring,118740,98.63,4.3,Service,Always greeted with a smile.
H2152,The Grand Oak,California,Luxury,5,3/6/2025,Spring,83920,79.45,3.6,Service,Always greeted with a smile.
H2153,Seaside Shores,Florida,Resort,4,3/6/2025,Spring,110780,96.31,3.9,Service,Staff went above and beyond.
H2154,Metro Meridian,New York,Business,5,3/6/2025,Spring,39620,74.93,3.7,Service,Staff went above and beyond.
H2155,Budget Haven,Texas,Budget,3,3/6/2025,Spring,29590,97.83,4.3,Service,Always greeted with a smile.
H2156,Mountain Retreat,Colorado,Boutique,3,3/7/2025,Spring,71230,75.61,4.5,Service,Staff went above and beyond.
H2157,The Grand Oak,California,Luxury,5,3/7/2025,Spring,84110,90.84,4.5,Service,Always greeted with a smile.
H2158,Seaside Shores,Florida,Resort,4,3/7/2025,Spring,72560,76.78,4.3,Service,Always greeted with a smile.
H2159,Metro Meridian,New York,Business,5,3/7/2025,Spring,113910,87.77,4,Cleanliness,Room was spotless and well-kept.
H2160,Budget Haven,Texas,Budget,3,3/7/2025,Spring,113120,70.92,4.4,Food,Tasty and well-prepared dishes.
H2161,Mountain Retreat,Colorado,Boutique,3,3/8/2025,Spring,96560,93.63,4.3,Service,Always greeted with a smile.
H2162,The Grand Oak,California,Luxury,5,3/8/2025,Spring,81640,78.73,4.4,Cleanliness,Super clean bathrooms and linens.
H2163,Seaside Shores,Florida,Resort,4,3/8/2025,Spring,77380,95.48,4.3,Service,Always greeted with a smile.
H2164,Metro Meridian,New York,Business,5,3/8/2025,Spring,80070,83.07,4.3,Service,Always greeted with a smile.
H2165,Budget Haven,Texas,Budget,3,3/8/2025,Spring,89580,84.84,4.3,Cleanliness,Room was spotless and well-kept.
H2166,Mountain Retreat,Colorado,Boutique,3,3/9/2025,Spring,63780,71.77,3.7,Service,Staff went above and beyond.
H2167,The Grand Oak,California,Luxury,5,3/9/2025,Spring,44450,91.15,3.7,Service,Slow check-in process.
H2168,Seaside Shores,Florida,Resort,4,3/9/2025,Spring,117430,97.27,4.4,Food,Tasty and well-prepared dishes.
H2169,Metro Meridian,New York,Business,5,3/9/2025,Spring,79920,74.86,3.9,Cleanliness,Room was spotless and well-kept.
H2170,Budget Haven,Texas,Budget,3,3/9/2025,Spring,56670,98.29,3.8,Service,Always greeted with a smile.
H2171,Mountain Retreat,Colorado,Boutique,3,3/10/2025,Spring,79820,82.5,3.6,Amenities,Modern amenities and comfortable spaces.
H2172,The Grand Oak,California,Luxury,5,3/10/2025,Spring,84740,86.62,3.7,Service,Slow check-in process.
H2173,Seaside Shores,Florida,Resort,4,3/10/2025,Spring,106040,82.65,4.2,Location,Excellent for walking everywhere.
H2174,Metro Meridian,New York,Business,5,3/10/2025,Spring,124390,92.98,3.9,Cleanliness,Room was spotless and well-kept.
H2175,Budget Haven,Texas,Budget,3,3/10/2025,Spring,90840,98.31,4.8,Amenities,Modern amenities and comfortable spaces.
H2176,Mountain Retreat,Colorado,Boutique,3,3/11/2025,Spring,51420,72.66,4.3,Service,Always greeted with a smile.
H2177,The Grand Oak,California,Luxury,5,3/11/2025,Spring,53710,83.62,4.6,Service,Staff went above and beyond.
H2178,Seaside Shores,Florida,Resort,4,3/11/2025,Spring,84080,79.41,3.7,Service,Slow check-in process.
H2179,Metro Meridian,New York,Business,5,3/11/2025,Spring,62630,85.83,3.7,Service,Slow check-in process.
H2180,Budget Haven,Texas,Budget,3,3/11/2025,Spring,32700,72.05,3.7,Service,Slow check-in process.
H2181,Mountain Retreat,Colorado,Boutique,3,3/12/2025,Spring,66780,81.82,3.5,Amenities,Modern amenities and comfortable spaces.
H2182,The Grand Oak,California,Luxury,5,3/12/2025,Spring,96390,96.44,4,Service,Staff went above and beyond.
H2183,Seaside Shores,Florida,Resort,4,3/12/2025,Spring,35870,91.69,3.7,Cleanliness,Super clean bathrooms and linens.
H2184,Metro Meridian,New York,Business,5,3/12/2025,Spring,74240,87.42,3.7,Service,Slow check-in process.
H2185,Budget Haven,Texas,Budget,3,3/12/2025,Spring,107160,99.92,4.6,Amenities,Modern amenities and comfortable spaces.
H2186,Mountain Retreat,Colorado,Boutique,3,3/13/2025,Spring,18160,76.2,3.7,Service,Slow check-in process.
H2187,The Grand Oak,California,Luxury,5,3/13/2025,Spring,87880,87.24,4.3,Amenities,Modern amenities and comfortable spaces.
H2188,Seaside Shores,Florida,Resort,4,3/13/2025,Spring,36210,87.28,4.8,Cleanliness,Room was spotless and well-kept.
H2189,Metro Meridian,New York,Business,5,3/13/2025,Spring,73200,76.81,4.3,Service,Always greeted with a smile.
H2190,Budget Haven,Texas,Budget,3,3/13/2025,Spring,57540,89.32,4.7,Amenities,Modern amenities and comfortable spaces.
H2191,Mountain Retreat,Colorado,Boutique,3,3/14/2025,Spring,78710,89.26,4.4,Cleanliness,Super clean bathrooms and linens.
H2192,The Grand Oak,California,Luxury,5,3/14/2025,Spring,44330,95.37,3.9,Cleanliness,Super clean bathrooms and linens.
H2193,Seaside Shores,Florida,Resort,4,3/14/2025,Spring,58180,78.35,4.6,Food,Tasty and well-prepared dishes.
H2194,Metro Meridian,New York,Business,5,3/14/2025,Spring,112980,74.75,4.6,Cleanliness,Room was spotless and well-kept.
H2195,Budget Haven,Texas,Budget,3,3/14/2025,Spring,39710,97.04,4.7,Cleanliness,Room was spotless and well-kept.
H2196,Mountain Retreat,Colorado,Boutique,3,3/15/2025,Spring,83170,88.24,3.9,Cleanliness,Super clean bathrooms and linens.
H2197,The Grand Oak,California,Luxury,5,3/15/2025,Spring,109100,96.17,3.5,Amenities,Modern amenities and comfortable spaces.
H2198,Seaside Shores,Florida,Resort,4,3/15/2025,Spring,19780,71.46,4.3,Service,Always greeted with a smile.
H2199,Metro Meridian,New York,Business,5,3/15/2025,Spring,118380,90.4,3.6,Amenities,Modern amenities and comfortable spaces.
H2200,Budget Haven,Texas,Budget,3,3/15/2025,Spring,116520,85.78,3.6,Service,Slow check-in process.
H2201,Mountain Retreat,Colorado,Boutique,3,3/16/2025,Spring,93700,71.54,4,Food,Tasty and well-prepared dishes.
H2202,The Grand Oak,California,Luxury,5,3/16/2025,Spring,86330,84.04,4.4,Amenities,Modern amenities and comfortable spaces.
H2203,Seaside Shores,Florida,Resort,4,3/16/2025,Spring,117110,96.73,4.2,Food,Tasty and well-prepared dishes.
H2204,Metro Meridian,New York,Business,5,3/16/2025,Spring,102560,75.01,4.4,Cleanliness,Super clean bathrooms and linens.
H2205,Budget Haven,Texas,Budget,3,3/16/2025,Spring,122040,72.57,3.8,Amenities,Modern amenities and comfortable spaces.
H2206,Mountain Retreat,Colorado,Boutique,3,3/17/2025,Spring,84000,99.51,3.8,Service,Staff went above and beyond.
H2207,The Grand Oak,California,Luxury,5,3/17/2025,Spring,62540,99.48,4.3,Cleanliness,Super clean bathrooms and linens.
H2208,Seaside Shores,Florida,Resort,4,3/17/2025,Spring,68880,70.2,4,Location,Excellent for walking everywhere.
H2209,Metro Meridian,New York,Business,5,3/17/2025,Spring,49170,88.36,4.3,Service,Always greeted with a smile.
H2210,Budget Haven,Texas,Budget,3,3/17/2025,Spring,117350,96.8,4.9,Food,Tasty and well-prepared dishes.
H2211,Mountain Retreat,Colorado,Boutique,3,3/18/2025,Spring,26890,78.64,4.1,Amenities,Modern amenities and comfortable spaces.
H2212,The Grand Oak,California,Luxury,5,3/18/2025,Spring,76340,83.8,3.6,Service,Always greeted with a smile.
H2213,Seaside Shores,Florida,Resort,4,3/18/2025,Spring,75720,82.37,3.7,Service,Always greeted with a smile.
H2214,Metro Meridian,New York,Business,5,3/18/2025,Spring,89490,82.98,4.2,Food,Tasty and well-prepared dishes.
H2215,Budget Haven,Texas,Budget,3,3/18/2025,Spring,112970,77.22,4.7,Service,Always greeted with a smile.
H2216,Mountain Retreat,Colorado,Boutique,3,3/19/2025,Spring,34450,88.48,4,Service,Always greeted with a smile.
H2217,The Grand Oak,California,Luxury,5,3/19/2025,Spring,121930,84.44,4.3,Service,Always greeted with a smile.
H2218,Seaside Shores,Florida,Resort,4,3/19/2025,Spring,87910,75.22,3.7,Service,Slow check-in process.
H2219,Metro Meridian,New York,Business,5,3/19/2025,Spring,42900,80.35,3.6,Service,Slow check-in process.
H2220,Budget Haven,Texas,Budget,3,3/19/2025,Spring,29360,97.7,3.7,Service,Slow check-in process.
H2221,Mountain Retreat,Colorado,Boutique,3,3/20/2025,Spring,65270,75.75,4.9,Amenities,Modern amenities and comfortable spaces.
H2222,The Grand Oak,California,Luxury,5,3/20/2025,Spring,87090,94.98,3.6,Cleanliness,Room was spotless and well-kept.
H2223,Seaside Shores,Florida,Resort,4,3/20/2025,Spring,65540,74.15,3.7,Service,Staff went above and beyond.
H2224,Metro Meridian,New York,Business,5,3/20/2025,Spring,13460,86.61,4.2,Amenities,Modern amenities and comfortable spaces.
H2225,Budget Haven,Texas,Budget,3,3/20/2025,Spring,35330,89.33,4.3,Service,Always greeted with a smile.
H2226,Mountain Retreat,Colorado,Boutique,3,3/21/2025,Spring,92440,95.66,4.8,Service,Staff went above and beyond.
H2227,The Grand Oak,California,Luxury,5,3/21/2025,Spring,67450,74.9,4,Location,Excellent for walking everywhere.
H2228,Seaside Shores,Florida,Resort,4,3/21/2025,Spring,112030,96.06,3.5,Amenities,Modern amenities and comfortable spaces.
H2229,Metro Meridian,New York,Business,5,3/21/2025,Spring,36770,94.56,3.5,Service,Always greeted with a smile.
H2230,Budget Haven,Texas,Budget,3,3/21/2025,Spring,108280,97.13,4.3,Service,Always greeted with a smile.
H2231,Mountain Retreat,Colorado,Boutique,3,3/22/2025,Spring,33680,95.1,3.7,Location,Excellent for walking everywhere.
H2232,The Grand Oak,California,Luxury,5,3/22/2025,Spring,113700,82.51,4.1,Location,Excellent for walking everywhere.
H2233,Seaside Shores,Florida,Resort,4,3/22/2025,Spring,102590,84.79,4.3,Service,Always greeted with a smile.
H2234,Metro Meridian,New York,Business,5,3/22/2025,Spring,88450,81.86,5,Cleanliness,Room was spotless and well-kept.
H2235,Budget Haven,Texas,Budget,3,3/22/2025,Spring,51800,76.9,4.5,Amenities,Modern amenities and comfortable spaces.
H2236,Mountain Retreat,Colorado,Boutique,3,3/23/2025,Spring,80490,99.16,3.6,Amenities,Modern amenities and comfortable spaces.
H2237,The Grand Oak,California,Luxury,5,3/23/2025,Spring,11040,91.3,4.3,Service,Always greeted with a smile.
H2238,Seaside Shores,Florida,Resort,4,3/23/2025,Spring,14230,87.14,3.7,Service,Slow check-in process.
H2239,Metro Meridian,New York,Business,5,3/23/2025,Spring,101980,81.38,4.1,Service,Staff went above and beyond.
H2240,Budget Haven,Texas,Budget,3,3/23/2025,Spring,98410,83.09,4.9,Food,Tasty and well-prepared dishes.
H2241,Mountain Retreat,Colorado,Boutique,3,3/24/2025,Spring,102040,74.02,4.8,Cleanliness,Room was spotless and well-kept.
H2242,The Grand Oak,California,Luxury,5,3/24/2025,Spring,52450,79.82,3.7,Service,Slow check-in process.
H2243,Seaside Shores,Florida,Resort,4,3/24/2025,Spring,110180,81.07,3.6,Cleanliness,Room was spotless and well-kept.
H2244,Metro Meridian,New York,Business,5,3/24/2025,Spring,30030,88.64,3.6,Service,Staff went above and beyond.
H2245,Budget Haven,Texas,Budget,3,3/24/2025,Spring,58310,78.24,4.8,Cleanliness,Super clean bathrooms and linens.
H2246,Mountain Retreat,Colorado,Boutique,3,3/25/2025,Spring,100320,74.36,4.3,Cleanliness,Room was spotless and well-kept.
H2247,The Grand Oak,California,Luxury,5,3/25/2025,Spring,22330,76.07,3.7,Service,Slow check-in process.
H2248,Seaside Shores,Florida,Resort,4,3/25/2025,Spring,115170,80.6,4.2,Service,Staff went above and beyond.
H2249,Metro Meridian,New York,Business,5,3/25/2025,Spring,21070,93.02,3.7,Amenities,Modern amenities and comfortable spaces.
H2250,Budget Haven,Texas,Budget,3,3/25/2025,Spring,18850,85.88,4.8,Service,Staff went above and beyond.
H2251,Mountain Retreat,Colorado,Boutique,3,3/26/2025,Spring,107060,98.34,3.8,Service,Slow check-in process.
H2252,The Grand Oak,California,Luxury,5,3/26/2025,Spring,67030,89.62,4.5,Food,Tasty and well-prepared dishes.
H2253,Seaside Shores,Florida,Resort,4,3/26/2025,Spring,59520,79.27,4.5,Service,Staff went above and beyond.
H2254,Metro Meridian,New York,Business,5,3/26/2025,Spring,103780,94.47,4.4,Cleanliness,Room was spotless and well-kept.
H2255,Budget Haven,Texas,Budget,3,3/26/2025,Spring,19360,90.6,4.3,Service,Always greeted with a smile.
H2256,Mountain Retreat,Colorado,Boutique,3,3/27/2025,Spring,38830,83.03,3.7,Service,Always greeted with a smile.
H2257,The Grand Oak,California,Luxury,5,3/27/2025,Spring,38160,93.55,4.3,Cleanliness,Super clean bathrooms and linens.
H2258,Seaside Shores,Florida,Resort,4,3/27/2025,Spring,14410,73.58,4.9,Location,Excellent for walking everywhere.
H2259,Metro Meridian,New York,Business,5,3/27/2025,Spring,91270,81.11,4.5,Location,Excellent for walking everywhere.
H2260,Budget Haven,Texas,Budget,3,3/27/2025,Spring,55530,91.32,3.9,Amenities,Modern amenities and comfortable spaces.
H2261,Mountain Retreat,Colorado,Boutique,3,3/28/2025,Spring,77390,83.85,4.9,Cleanliness,Room was spotless and well-kept.
H2262,The Grand Oak,California,Luxury,5,3/28/2025,Spring,41940,87.69,4.6,Service,Always greeted with a smile.
H2263,Seaside Shores,Florida,Resort,4,3/28/2025,Spring,36970,95.35,4.5,Food,Tasty and well-prepared dishes.
H2264,Metro Meridian,New York,Business,5,3/28/2025,Spring,55330,86.08,3.9,Location,Excellent for walking everywhere.
H2265,Budget Haven,Texas,Budget,3,3/28/2025,Spring,112180,88.75,3.6,Cleanliness,Super clean bathrooms and linens.
H2266,Mountain Retreat,Colorado,Boutique,3,3/29/2025,Spring,21630,97.68,3.7,Service,Slow check-in process.
H2267,The Grand Oak,California,Luxury,5,3/29/2025,Spring,104070,84.04,4.5,Cleanliness,Super clean bathrooms and linens.
H2268,Seaside Shores,Florida,Resort,4,3/29/2025,Spring,60810,98.05,3.7,Cleanliness,Room was spotless and well-kept.
H2269,Metro Meridian,New York,Business,5,3/29/2025,Spring,58950,90.96,4,Service,Staff went above and beyond.
H2270,Budget Haven,Texas,Budget,3,3/29/2025,Spring,95150,91.22,4.5,Cleanliness,Room was spotless and well-kept.
H2271,Mountain Retreat,Colorado,Boutique,3,3/30/2025,Spring,29330,74.57,3.9,Amenities,Modern amenities and comfortable spaces.
H2272,The Grand Oak,California,Luxury,5,3/30/2025,Spring,105580,93.91,4.3,Service,Always greeted with a smile.
H2273,Seaside Shores,Florida,Resort,4,3/30/2025,Spring,59140,74.12,4.8,Amenities,Modern amenities and comfortable spaces.
H2274,Metro Meridian,New York,Business,5,3/30/2025,Spring,67410,74.57,4.5,Amenities,Modern amenities and comfortable spaces.
H2275,Budget Haven,Texas,Budget,3,3/30/2025,Spring,118130,78.22,4.5,Amenities,Modern amenities and comfortable spaces.
H2276,Mountain Retreat,Colorado,Boutique,3,3/31/2025,Spring,64370,73.42,5,Amenities,Modern amenities and comfortable spaces.
H2277,The Grand Oak,California,Luxury,5,3/31/2025,Spring,11340,81.49,4.7,Cleanliness,Room was spotless and well-kept.
H2278,Seaside Shores,Florida,Resort,4,3/31/2025,Spring,7850,94.08,3.5,Service,Staff went above and beyond.
H2279,Metro Meridian,New York,Business,5,3/31/2025,Spring,103960,92.67,4.2,Food,Tasty and well-prepared dishes.
H2280,Budget Haven,Texas,Budget,3,3/31/2025,Spring,68490,87.47,4.3,Service,Always greeted with a smile.
H2281,Mountain Retreat,Colorado,Boutique,3,4/1/2025,Spring,121760,75.85,3.7,Service,Slow check-in process.
H2282,The Grand Oak,California,Luxury,5,4/1/2025,Spring,82610,81.95,3.6,Amenities,Modern amenities and comfortable spaces.
H2283,Seaside Shores,Florida,Resort,4,4/1/2025,Spring,22280,74.29,4.7,Cleanliness,Room was spotless and well-kept.
H2284,Metro Meridian,New York,Business,5,4/1/2025,Spring,71050,98.81,4.3,Service,Always greeted with a smile.
H2285,Budget Haven,Texas,Budget,3,4/1/2025,Spring,104990,78.99,4.2,Food,Tasty and well-prepared dishes.
H2286,Mountain Retreat,Colorado,Boutique,3,4/2/2025,Spring,123440,90.94,4.6,Cleanliness,Room was spotless and well-kept.
H2287,The Grand Oak,California,Luxury,5,4/2/2025,Spring,65600,89.94,3.5,Service,Always greeted with a smile.
H2288,Seaside Shores,Florida,Resort,4,4/2/2025,Spring,40100,79.07,4.5,Service,Always greeted with a smile.
H2289,Metro Meridian,New York,Business,5,4/2/2025,Spring,81330,96.19,3.7,Amenities,Modern amenities and comfortable spaces.
H2290,Budget Haven,Texas,Budget,3,4/2/2025,Spring,40650,98.91,4.7,Location,Excellent for walking everywhere.
H2291,Mountain Retreat,Colorado,Boutique,3,4/3/2025,Spring,49120,72.63,4.9,Service,Staff went above and beyond.
H2292,The Grand Oak,California,Luxury,5,4/3/2025,Spring,46030,90.03,3.7,Service,Slow check-in process.
H2293,Seaside Shores,Florida,Resort,4,4/3/2025,Spring,69040,86.31,4.2,Service,Staff went above and beyond.
H2294,Metro Meridian,New York,Business,5,4/3/2025,Spring,10570,72.94,4.5,Amenities,Modern amenities and comfortable spaces.
H2295,Budget Haven,Texas,Budget,3,4/3/2025,Spring,104490,84.6,4.9,Location,Excellent for walking everywhere.
H2296,Mountain Retreat,Colorado,Boutique,3,4/4/2025,Spring,122130,70.79,4.3,Service,Always greeted with a smile.
H2297,The Grand Oak,California,Luxury,5,4/4/2025,Spring,30640,72.31,3.9,Location,Excellent for walking everywhere.
H2298,Seaside Shores,Florida,Resort,4,4/4/2025,Spring,79750,95.78,4.6,Service,Always greeted with a smile.
H2299,Metro Meridian,New York,Business,5,4/4/2025,Spring,97160,82.77,4.4,Amenities,Modern amenities and comfortable spaces.
H2300,Budget Haven,Texas,Budget,3,4/4/2025,Spring,96110,74.04,4.3,Service,Always greeted with a smile.
H2301,Mountain Retreat,Colorado,Boutique,3,4/5/2025,Spring,43690,75.46,4.8,Service,Always greeted with a smile.
H2302,The Grand Oak,California,Luxury,5,4/5/2025,Spring,124820,86.51,4.2,Service,Always greeted with a smile.
H2303,Seaside Shores,Florida,Resort,4,4/5/2025,Spring,44020,90.67,4,Cleanliness,Room was spotless and well-kept.
H2304,Metro Meridian,New York,Business,5,4/5/2025,Spring,60410,78.83,3.6,Cleanliness,Room was spotless and well-kept.
H2305,Budget Haven,Texas,Budget,3,4/5/2025,Spring,33480,89.65,4.7,Service,Always greeted with a smile.
H2306,Mountain Retreat,Colorado,Boutique,3,4/6/2025,Spring,83770,85.82,3.6,Service,Slow check-in process.
H2307,The Grand Oak,California,Luxury,5,4/6/2025,Spring,14740,75.46,4.6,Location,Excellent for walking everywhere.
H2308,Seaside Shores,Florida,Resort,4,4/6/2025,Spring,26390,94.18,3.8,Location,Excellent for walking everywhere.
H2309,Metro Meridian,New York,Business,5,4/6/2025,Spring,115670,74.7,3.7,Service,Always greeted with a smile.
H2310,Budget Haven,Texas,Budget,3,4/6/2025,Spring,53270,73.91,4.9,Location,Excellent for walking everywhere.
H2311,Mountain Retreat,Colorado,Boutique,3,4/7/2025,Spring,113640,70.84,4.4,Food,Tasty and well-prepared dishes.
H2312,The Grand Oak,California,Luxury,5,4/7/2025,Spring,116120,92.76,4.3,Food,Tasty and well-prepared dishes.
H2313,Seaside Shores,Florida,Resort,4,4/7/2025,Spring,79330,86.94,4.5,Amenities,Modern amenities and comfortable spaces.
H2314,Metro Meridian,New York,Business,5,4/7/2025,Spring,90980,75.19,3.7,Amenities,Modern amenities and comfortable spaces.
H2315,Budget Haven,Texas,Budget,3,4/7/2025,Spring,102140,80.07,4.1,Location,Excellent for walking everywhere.
H2316,Mountain Retreat,Colorado,Boutique,3,4/8/2025,Spring,96090,98.34,3.7,Amenities,Modern amenities and comfortable spaces.
H2317,The Grand Oak,California,Luxury,5,4/8/2025,Spring,114010,83.7,4.8,Service,Always greeted with a smile.
H2318,Seaside Shores,Florida,Resort,4,4/8/2025,Spring,32360,95.3,4.5,Service,Always greeted with a smile.
H2319,Metro Meridian,New York,Business,5,4/8/2025,Spring,59950,77.38,3.8,Service,Always greeted with a smile.
H2320,Budget Haven,Texas,Budget,3,4/8/2025,Spring,119670,74.55,4.3,Cleanliness,Room was spotless and well-kept.
H2321,Mountain Retreat,Colorado,Boutique,3,4/9/2025,Spring,35360,75.65,3.9,Cleanliness,Room was spotless and well-kept.
H2322,The Grand Oak,California,Luxury,5,4/9/2025,Spring,56920,74.89,3.9,Food,Tasty and well-prepared dishes.
H2323,Seaside Shores,Florida,Resort,4,4/9/2025,Spring,46290,88.5,4.1,Cleanliness,Super clean bathrooms and linens.
H2324,Metro Meridian,New York,Business,5,4/9/2025,Spring,85500,70.71,4.8,Service,Always greeted with a smile.
H2325,Budget Haven,Texas,Budget,3,4/9/2025,Spring,65440,72.13,4.5,Cleanliness,Room was spotless and well-kept.
H2326,Mountain Retreat,Colorado,Boutique,3,4/10/2025,Spring,28640,96.58,4.1,Cleanliness,Room was spotless and well-kept.
H2327,The Grand Oak,California,Luxury,5,4/10/2025,Spring,66660,81.17,3.6,Cleanliness,Room was spotless and well-kept.
H2328,Seaside Shores,Florida,Resort,4,4/10/2025,Spring,61250,82.5,3.5,Cleanliness,Super clean bathrooms and linens.
H2329,Metro Meridian,New York,Business,5,4/10/2025,Spring,117860,86.41,3.9,Cleanliness,Super clean bathrooms and linens.
H2330,Budget Haven,Texas,Budget,3,4/10/2025,Spring,69000,86.18,4.6,Service,Staff went above and beyond.
H2331,Mountain Retreat,Colorado,Boutique,3,4/11/2025,Spring,64290,76.89,4.9,Service,Always greeted with a smile.
H2332,The Grand Oak,California,Luxury,5,4/11/2025,Spring,91060,82.05,4.9,Cleanliness,Room was spotless and well-kept.
H2333,Seaside Shores,Florida,Resort,4,4/11/2025,Spring,108470,90.1,3.5,Location,Excellent for walking everywhere.
H2334,Metro Meridian,New York,Business,5,4/11/2025,Spring,11470,96.74,4.7,Service,Staff went above and beyond.
H2335,Budget Haven,Texas,Budget,3,4/11/2025,Spring,67250,71.61,4.8,Service,Always greeted with a smile.
H2336,Mountain Retreat,Colorado,Boutique,3,4/12/2025,Spring,61760,83.5,4.4,Location,Excellent for walking everywhere.
H2337,The Grand Oak,California,Luxury,5,4/12/2025,Spring,38400,87.15,3.7,Service,Slow check-in process.
H2338,Seaside Shores,Florida,Resort,4,4/12/2025,Spring,18060,73.01,4.8,Service,Always greeted with a smile.
H2339,Metro Meridian,New York,Business,5,4/12/2025,Spring,93850,74.78,3.8,Amenities,Modern amenities and comfortable spaces.
H2340,Budget Haven,Texas,Budget,3,4/12/2025,Spring,96850,98.59,4,Amenities,Modern amenities and comfortable spaces.
H2341,Mountain Retreat,Colorado,Boutique,3,4/13/2025,Spring,8560,77.55,4.8,Cleanliness,Super clean bathrooms and linens.
H2342,The Grand Oak,California,Luxury,5,4/13/2025,Spring,67160,72.25,4.8,Cleanliness,Room was spotless and well-kept.
H2343,Seaside Shores,Florida,Resort,4,4/13/2025,Spring,92920,90.79,4.8,Service,Always greeted with a smile.
H2344,Metro Meridian,New York,Business,5,4/13/2025,Spring,47910,95.58,4.8,Service,Always greeted with a smile.
H2345,Budget Haven,Texas,Budget,3,4/13/2025,Spring,41940,73.75,4.2,Location,Excellent for walking everywhere.
H2346,Mountain Retreat,Colorado,Boutique,3,4/14/2025,Spring,103270,71.9,3.5,Service,Always greeted with a smile.
H2347,The Grand Oak,California,Luxury,5,4/14/2025,Spring,59990,97.93,4.4,Cleanliness,Super clean bathrooms and linens.
H2348,Seaside Shores,Florida,Resort,4,4/14/2025,Spring,41480,82.01,4.8,Service,Always greeted with a smile.
H2349,Metro Meridian,New York,Business,5,4/14/2025,Spring,79100,76.41,4.6,Food,Tasty and well-prepared dishes.
H2350,Budget Haven,Texas,Budget,3,4/14/2025,Spring,102960,76.94,4.8,Service,Always greeted with a smile.
H2351,Mountain Retreat,Colorado,Boutique,3,4/15/2025,Spring,18070,91.97,3.8,Service,Slow check-in process.
H2352,The Grand Oak,California,Luxury,5,4/15/2025,Spring,119390,98.57,3.6,Food,Tasty and well-prepared dishes.
H2353,Seaside Shores,Florida,Resort,4,4/15/2025,Spring,92800,86.05,4.7,Service,Always greeted with a smile.
H2354,Metro Meridian,New York,Business,5,4/15/2025,Spring,56730,94.41,5,Cleanliness,Room was spotless and well-kept.
H2355,Budget Haven,Texas,Budget,3,4/15/2025,Spring,22420,85.48,4.6,Location,Excellent for walking everywhere.
H2356,Mountain Retreat,Colorado,Boutique,3,4/16/2025,Spring,17570,86.87,3.7,Service,Slow check-in process.
H2357,The Grand Oak,California,Luxury,5,4/16/2025,Spring,96410,83.06,4.4,Location,Excellent for walking everywhere.
H2358,Seaside Shores,Florida,Resort,4,4/16/2025,Spring,88100,78.51,3.7,Amenities,Modern amenities and comfortable spaces.
H2359,Metro Meridian,New York,Business,5,4/16/2025,Spring,14980,92.52,4.8,Service,Always greeted with a smile.
H2360,Budget Haven,Texas,Budget,3,4/16/2025,Spring,107840,93.39,4.8,Location,Excellent for walking everywhere.
H2361,Mountain Retreat,Colorado,Boutique,3,4/17/2025,Spring,117820,83.4,4.9,Cleanliness,Room was spotless and well-kept.
H2362,The Grand Oak,California,Luxury,5,4/17/2025,Spring,78200,76.42,4.8,Service,Always greeted with a smile.
H2363,Seaside Shores,Florida,Resort,4,4/17/2025,Spring,32990,70.83,4.6,Cleanliness,Super clean bathrooms and linens.
H2364,Metro Meridian,New York,Business,5,4/17/2025,Spring,19550,86.05,4.1,Food,Tasty and well-prepared dishes.
H2365,Budget Haven,Texas,Budget,3,4/17/2025,Spring,108360,86.77,4.8,Service,Always greeted with a smile.
H2366,Mountain Retreat,Colorado,Boutique,3,4/18/2025,Spring,30390,70.45,3.5,Food,Tasty and well-prepared dishes.
H2367,The Grand Oak,California,Luxury,5,4/18/2025,Spring,94730,97.18,4,Location,Excellent for walking everywhere.
H2368,Seaside Shores,Florida,Resort,4,4/18/2025,Spring,61940,98.29,4.8,Service,Always greeted with a smile.
H2369,Metro Meridian,New York,Business,5,4/18/2025,Spring,44790,91.73,4.6,Service,Always greeted with a smile.
H2370,Budget Haven,Texas,Budget,3,4/18/2025,Spring,79300,81.76,4.1,Location,Excellent for walking everywhere.
H2371,Mountain Retreat,Colorado,Boutique,3,4/19/2025,Spring,19500,82.08,4.5,Service,Staff went above and beyond.
H2372,The Grand Oak,California,Luxury,5,4/19/2025,Spring,107440,85.71,4.7,Service,Always greeted with a smile.
H2373,Seaside Shores,Florida,Resort,4,4/19/2025,Spring,7220,82.94,4.2,Amenities,Modern amenities and comfortable spaces.
H2374,Metro Meridian,New York,Business,5,4/19/2025,Spring,74350,74.01,4.7,Service,Staff went above and beyond.
H2375,Budget Haven,Texas,Budget,3,4/19/2025,Spring,47710,71.1,4.8,Service,Always greeted with a smile.
H2376,Mountain Retreat,Colorado,Boutique,3,4/20/2025,Spring,78200,91.54,4.7,Amenities,Modern amenities and comfortable spaces.
H2377,The Grand Oak,California,Luxury,5,4/20/2025,Spring,14820,94.88,4.7,Cleanliness,Super clean bathrooms and linens.
H2378,Seaside Shores,Florida,Resort,4,4/20/2025,Spring,31890,92.06,4.8,Service,Always greeted with a smile.
H2379,Metro Meridian,New York,Business,5,4/20/2025,Spring,66130,93.78,4,Amenities,Modern amenities and comfortable spaces.
H2380,Budget Haven,Texas,Budget,3,4/20/2025,Spring,74260,86.35,5,Location,Excellent for walking everywhere.
H2381,Mountain Retreat,Colorado,Boutique,3,4/21/2025,Spring,90850,81.31,4.6,Amenities,Modern amenities and comfortable spaces.
H2382,The Grand Oak,California,Luxury,5,4/21/2025,Spring,56720,94.51,3.8,Amenities,Modern amenities and comfortable spaces.
H2383,Seaside Shores,Florida,Resort,4,4/21/2025,Spring,97840,73.41,4.2,Cleanliness,Room was spotless and well-kept.
H2384,Metro Meridian,New York,Business,5,4/21/2025,Spring,79380,95.08,4.2,Cleanliness,Super clean bathrooms and linens.
H2385,Budget Haven,Texas,Budget,3,4/21/2025,Spring,62750,92.78,4.7,Amenities,Modern amenities and comfortable spaces.
H2386,Mountain Retreat,Colorado,Boutique,3,4/22/2025,Spring,26540,70.56,3.7,Cleanliness,Super clean bathrooms and linens.
H2387,The Grand Oak,California,Luxury,5,4/22/2025,Spring,89780,71.56,4.5,Food,Tasty and well-prepared dishes.
H2388,Seaside Shores,Florida,Resort,4,4/22/2025,Spring,111990,71.34,4.8,Amenities,Modern amenities and comfortable spaces.
H2389,Metro Meridian,New York,Business,5,4/22/2025,Spring,34900,74.56,4.4,Location,Excellent for walking everywhere.
H2390,Budget Haven,Texas,Budget,3,4/22/2025,Spring,112110,71.13,4.7,Cleanliness,Room was spotless and well-kept.
H2391,Mountain Retreat,Colorado,Boutique,3,4/23/2025,Spring,117740,76.63,3.8,Cleanliness,Super clean bathrooms and linens.
H2392,The Grand Oak,California,Luxury,5,4/23/2025,Spring,119390,87.35,4.1,Service,Slow check-in process.
H2393,Seaside Shores,Florida,Resort,4,4/23/2025,Spring,100670,76.32,4.4,Cleanliness,Super clean bathrooms and linens.
H2394,Metro Meridian,New York,Business,5,4/23/2025,Spring,57620,83.57,4.9,Cleanliness,Room was spotless and well-kept.
H2395,Budget Haven,Texas,Budget,3,4/23/2025,Spring,9950,98.33,3.8,Service,Slow check-in process.
H2396,Mountain Retreat,Colorado,Boutique,3,4/24/2025,Spring,96120,99.49,3.6,Service,Slow check-in process.
H2397,The Grand Oak,California,Luxury,5,4/24/2025,Spring,62230,96.75,3.8,Service,Always greeted with a smile.
H2398,Seaside Shores,Florida,Resort,4,4/24/2025,Spring,117670,90.87,4.8,Service,Always greeted with a smile.
H2399,Metro Meridian,New York,Business,5,4/24/2025,Spring,48240,98.32,4.6,Food,Tasty and well-prepared dishes.
H2400,Budget Haven,Texas,Budget,3,4/24/2025,Spring,7820,90.82,4,Service,Always greeted with a smile.
H2401,Mountain Retreat,Colorado,Boutique,3,4/25/2025,Spring,26320,99.38,4.4,Service,Always greeted with a smile.
H2402,The Grand Oak,California,Luxury,5,4/25/2025,Spring,15890,88.98,3.9,Cleanliness,Super clean bathrooms and linens.
H2403,Seaside Shores,Florida,Resort,4,4/25/2025,Spring,95030,74.13,4.5,Service,Always greeted with a smile.
H2404,Metro Meridian,New York,Business,5,4/25/2025,Spring,99160,99.8,4.4,Service,Staff went above and beyond.
H2405,Budget Haven,Texas,Budget,3,4/25/2025,Spring,42910,93.76,3.9,Service,Always greeted with a smile.
H2406,Mountain Retreat,Colorado,Boutique,3,4/26/2025,Spring,121500,90.99,4.9,Amenities,Modern amenities and comfortable spaces.
H2407,The Grand Oak,California,Luxury,5,4/26/2025,Spring,17990,92.33,4,Food,Tasty and well-prepared dishes.
H2408,Seaside Shores,Florida,Resort,4,4/26/2025,Spring,105740,81.62,3.5,Service,Staff went above and beyond.
H2409,Metro Meridian,New York,Business,5,4/26/2025,Spring,20660,73.98,4.4,Service,Always greeted with a smile.
H2410,Budget Haven,Texas,Budget,3,4/26/2025,Spring,62410,84.54,3.8,Service,Slow check-in process.
H2411,Mountain Retreat,Colorado,Boutique,3,4/27/2025,Spring,64700,84.29,3.8,Service,Slow check-in process.
H2412,The Grand Oak,California,Luxury,5,4/27/2025,Spring,34610,96.3,4.6,Cleanliness,Room was spotless and well-kept.
H2413,Seaside Shores,Florida,Resort,4,4/27/2025,Spring,54350,77.19,4.9,Service,Always greeted with a smile.
H2414,Metro Meridian,New York,Business,5,4/27/2025,Spring,32280,76.19,4.5,Location,Excellent for walking everywhere.
H2415,Budget Haven,Texas,Budget,3,4/27/2025,Spring,119280,81.7,3.8,Service,Slow check-in process.
H2416,Mountain Retreat,Colorado,Boutique,3,4/28/2025,Spring,30620,86.54,3.7,Amenities,Modern amenities and comfortable spaces.
H2417,The Grand Oak,California,Luxury,5,4/28/2025,Spring,108090,79.31,3.7,Location,Excellent for walking everywhere.
H2418,Seaside Shores,Florida,Resort,4,4/28/2025,Spring,92410,79.72,3.5,Cleanliness,Room was spotless and well-kept.
H2419,Metro Meridian,New York,Business,5,4/28/2025,Spring,111200,73.47,4.8,Service,Always greeted with a smile.
H2420,Budget Haven,Texas,Budget,3,4/28/2025,Spring,25350,70.23,4.3,Service,Staff went above and beyond.
H2421,Mountain Retreat,Colorado,Boutique,3,4/29/2025,Spring,7600,75.25,4.5,Cleanliness,Super clean bathrooms and linens.
H2422,The Grand Oak,California,Luxury,5,4/29/2025,Spring,75920,92.26,4.8,Service,Always greeted with a smile.
H2423,Seaside Shores,Florida,Resort,4,4/29/2025,Spring,9230,88.39,3.6,Service,Staff went above and beyond.
H2424,Metro Meridian,New York,Business,5,4/29/2025,Spring,106180,72.32,3.8,Food,Tasty and well-prepared dishes.
H2425,Budget Haven,Texas,Budget,3,4/29/2025,Spring,12510,74.18,3.8,Service,Slow check-in process.
H2426,Mountain Retreat,Colorado,Boutique,3,4/30/2025,Spring,82530,76.34,3.8,Cleanliness,Room was spotless and well-kept.
H2427,The Grand Oak,California,Luxury,5,4/30/2025,Spring,46020,74.25,5,Cleanliness,Room was spotless and well-kept.
H2428,Seaside Shores,Florida,Resort,4,4/30/2025,Spring,33850,70.72,4.8,Cleanliness,Room was spotless and well-kept.
H2429,Metro Meridian,New York,Business,5,4/30/2025,Spring,58750,72.03,4.8,Service,Always greeted with a smile.
H2430,Budget Haven,Texas,Budget,3,4/30/2025,Spring,31000,94.65,4,Location,Excellent for walking everywhere.
H2431,Mountain Retreat,Colorado,Boutique,3,5/1/2025,Spring,113140,74.9,3.5,Service,Slow check-in process.
H2432,The Grand Oak,California,Luxury,5,5/1/2025,Spring,33010,73.68,3.8,Cleanliness,Room was spotless and well-kept.
H2433,Seaside Shores,Florida,Resort,4,5/1/2025,Spring,31130,74.15,4.2,Service,Always greeted with a smile.
H2434,Metro Meridian,New York,Business,5,5/1/2025,Spring,64670,87.21,4.5,Food,Tasty and well-prepared dishes.
H2435,Budget Haven,Texas,Budget,3,5/1/2025,Spring,44330,78.17,4.6,Food,Tasty and well-prepared dishes.
H2436,Mountain Retreat,Colorado,Boutique,3,5/2/2025,Spring,66380,78.88,4.5,Amenities,Modern amenities and comfortable spaces.
H2437,The Grand Oak,California,Luxury,5,5/2/2025,Spring,32740,75.14,4.6,Service,Staff went above and beyond.
H2438,Seaside Shores,Florida,Resort,4,5/2/2025,Spring,76950,75.98,3.7,Service,Slow check-in process.
H2439,Metro Meridian,New York,Business,5,5/2/2025,Spring,117450,91.11,4,Service,Always greeted with a smile.
H2440,Budget Haven,Texas,Budget,3,5/2/2025,Spring,45560,80.98,4.4,Service,Always greeted with a smile.
H2441,Mountain Retreat,Colorado,Boutique,3,5/3/2025,Spring,80810,90.28,4.2,Service,Always greeted with a smile.
H2442,The Grand Oak,California,Luxury,5,5/3/2025,Spring,32330,80.43,4.2,Service,Always greeted with a smile.
H2443,Seaside Shores,Florida,Resort,4,5/3/2025,Spring,84270,92.09,4.3,Location,Excellent for walking everywhere.
H2444,Metro Meridian,New York,Business,5,5/3/2025,Spring,93490,78.39,3.6,Service,Slow check-in process.
H2445,Budget Haven,Texas,Budget,3,5/3/2025,Spring,101680,89.97,4.6,Amenities,Modern amenities and comfortable spaces.
H2446,Mountain Retreat,Colorado,Boutique,3,5/4/2025,Spring,108900,87.22,3.7,Food,Tasty and well-prepared dishes.
H2447,The Grand Oak,California,Luxury,5,5/4/2025,Spring,117370,91.31,4.2,Service,Always greeted with a smile.
H2448,Seaside Shores,Florida,Resort,4,5/4/2025,Spring,89110,80.42,4.2,Service,Always greeted with a smile.
H2449,Metro Meridian,New York,Business,5,5/4/2025,Spring,25830,81.24,4.2,Service,Staff went above and beyond.
H2450,Budget Haven,Texas,Budget,3,5/4/2025,Spring,114010,88.22,4.6,Cleanliness,Room was spotless and well-kept.
H2451,Mountain Retreat,Colorado,Boutique,3,5/5/2025,Spring,96870,79.18,3.9,Service,Staff went above and beyond.
H2452,The Grand Oak,California,Luxury,5,5/5/2025,Spring,60190,70.93,4.6,Amenities,Modern amenities and comfortable spaces.
H2453,Seaside Shores,Florida,Resort,4,5/5/2025,Spring,34610,72.75,4.5,Service,Always greeted with a smile.
H2454,Metro Meridian,New York,Business,5,5/5/2025,Spring,25270,81.77,4.3,Cleanliness,Room was spotless and well-kept.
H2455,Budget Haven,Texas,Budget,3,5/5/2025,Spring,62110,70.07,4.2,Amenities,Modern amenities and comfortable spaces.
H2456,Mountain Retreat,Colorado,Boutique,3,5/6/2025,Spring,86140,90.24,4.2,Cleanliness,Super clean bathrooms and linens.
H2457,The Grand Oak,California,Luxury,5,5/6/2025,Spring,28310,76.86,4.1,Cleanliness,Room was spotless and well-kept.
H2458,Seaside Shores,Florida,Resort,4,5/6/2025,Spring,17660,98.62,4,Service,Staff went above and beyond.
H2459,Metro Meridian,New York,Business,5,5/6/2025,Spring,21610,97.24,5,Amenities,Modern amenities and comfortable spaces.
H2460,Budget Haven,Texas,Budget,3,5/6/2025,Spring,83560,84.99,4.2,Service,Always greeted with a smile.
H2461,Mountain Retreat,Colorado,Boutique,3,5/7/2025,Spring,64110,72.66,3.6,Cleanliness,Super clean bathrooms and linens.
H2462,The Grand Oak,California,Luxury,5,5/7/2025,Spring,18840,78.15,4,Cleanliness,Super clean bathrooms and linens.
H2463,Seaside Shores,Florida,Resort,4,5/7/2025,Spring,68080,77.99,4.1,Cleanliness,Super clean bathrooms and linens.
H2464,Metro Meridian,New York,Business,5,5/7/2025,Spring,65310,83.66,3.7,Service,Always greeted with a smile.
H2465,Budget Haven,Texas,Budget,3,5/7/2025,Spring,54790,91.3,4.5,Cleanliness,Room was spotless and well-kept.
H2466,Mountain Retreat,Colorado,Boutique,3,5/8/2025,Spring,24820,83.61,4.2,Service,Always greeted with a smile.
H2467,The Grand Oak,California,Luxury,5,5/8/2025,Spring,111090,89.65,3.5,Food,Tasty and well-prepared dishes.
H2468,Seaside Shores,Florida,Resort,4,5/8/2025,Spring,33000,97.06,3.9,Service,Staff went above and beyond.
H2469,Metro Meridian,New York,Business,5,5/8/2025,Spring,11680,85.8,4.8,Cleanliness,Room was spotless and well-kept.
H2470,Budget Haven,Texas,Budget,3,5/8/2025,Spring,60420,94.01,4.2,Service,Always greeted with a smile.
H2471,Mountain Retreat,Colorado,Boutique,3,5/9/2025,Spring,105740,84.36,4.5,Service,Always greeted with a smile.
H2472,The Grand Oak,California,Luxury,5,5/9/2025,Spring,67590,82.69,4.7,Service,Always greeted with a smile.
H2473,Seaside Shores,Florida,Resort,4,5/9/2025,Spring,7810,98.75,4.7,Location,Excellent for walking everywhere.
H2474,Metro Meridian,New York,Business,5,5/9/2025,Spring,64660,95.98,4.6,Cleanliness,Super clean bathrooms and linens.
H2475,Budget Haven,Texas,Budget,3,5/9/2025,Spring,111170,95.55,4,Cleanliness,Super clean bathrooms and linens.
H2476,Mountain Retreat,Colorado,Boutique,3,5/10/2025,Spring,124000,86.69,4.7,Service,Always greeted with a smile.
H2477,The Grand Oak,California,Luxury,5,5/10/2025,Spring,86610,80.91,3.9,Cleanliness,Room was spotless and well-kept.
H2478,Seaside Shores,Florida,Resort,4,5/10/2025,Spring,91830,77.17,5,Service,Staff went above and beyond.
H2479,Metro Meridian,New York,Business,5,5/10/2025,Spring,79390,81.23,4.7,Service,Always greeted with a smile.
H2480,Budget Haven,Texas,Budget,3,5/10/2025,Spring,7040,82.34,3.8,Service,Slow check-in process.
H2481,Mountain Retreat,Colorado,Boutique,3,5/11/2025,Spring,79570,75.12,4.1,Service,Staff went above and beyond.
H2482,The Grand Oak,California,Luxury,5,5/11/2025,Spring,59540,76.09,4.7,Amenities,Modern amenities and comfortable spaces.
H2483,Seaside Shores,Florida,Resort,4,5/11/2025,Spring,116290,94.3,4.5,Cleanliness,Room was spotless and well-kept.
H2484,Metro Meridian,New York,Business,5,5/11/2025,Spring,69960,98,4.6,Location,Excellent for walking everywhere.
H2485,Budget Haven,Texas,Budget,3,5/11/2025,Spring,38190,81.39,4.8,Service,Always greeted with a smile.
H2486,Mountain Retreat,Colorado,Boutique,3,5/12/2025,Spring,54040,72.24,3.7,Cleanliness,Room was spotless and well-kept.
H2487,The Grand Oak,California,Luxury,5,5/12/2025,Spring,100620,80.02,4.5,Amenities,Modern amenities and comfortable spaces.
H2488,Seaside Shores,Florida,Resort,4,5/12/2025,Spring,109170,70.37,4,Amenities,Modern amenities and comfortable spaces.
H2489,Metro Meridian,New York,Business,5,5/12/2025,Spring,9110,95.8,3.8,Service,Slow check-in process.
H2490,Budget Haven,Texas,Budget,3,5/12/2025,Spring,43360,90.24,4.3,Location,Excellent for walking everywhere.
H2491,Mountain Retreat,Colorado,Boutique,3,5/13/2025,Spring,67320,84.66,3.6,Amenities,Modern amenities and comfortable spaces.
H2492,The Grand Oak,California,Luxury,5,5/13/2025,Spring,43870,84.36,4.5,Cleanliness,Super clean bathrooms and linens.
H2493,Seaside Shores,Florida,Resort,4,5/13/2025,Spring,113650,71.04,4.5,Service,Always greeted with a smile.
H2494,Metro Meridian,New York,Business,5,5/13/2025,Spring,49750,89.56,3.9,Amenities,Modern amenities and comfortable spaces.
H2495,Budget Haven,Texas,Budget,3,5/13/2025,Spring,72070,98.51,4.7,Service,Always greeted with a smile.
H2496,Mountain Retreat,Colorado,Boutique,3,5/14/2025,Spring,95130,81.72,4.6,Cleanliness,Super clean bathrooms and linens.
H2497,The Grand Oak,California,Luxury,5,5/14/2025,Spring,109950,90.85,4.7,Service,Always greeted with a smile.
H2498,Seaside Shores,Florida,Resort,4,5/14/2025,Spring,71870,84.21,4.1,Amenities,Modern amenities and comfortable spaces.
H2499,Metro Meridian,New York,Business,5,5/14/2025,Spring,29560,82.9,4.7,Service,Always greeted with a smile.
H2500,Budget Haven,Texas,Budget,3,5/14/2025,Spring,53340,81.9,3.8,Location,Excellent for walking everywhere.
H2501,Mountain Retreat,Colorado,Boutique,3,5/15/2025,Spring,81570,90.69,4.7,Service,Always greeted with a smile.
H2502,The Grand Oak,California,Luxury,5,5/15/2025,Spring,61770,97.82,4.1,Cleanliness,Super clean bathrooms and linens.
H2503,Seaside Shores,Florida,Resort,4,5/15/2025,Spring,50750,83.03,3.9,Food,Tasty and well-prepared dishes.
H2504,Metro Meridian,New York,Business,5,5/15/2025,Spring,18640,77.38,4.9,Food,Tasty and well-prepared dishes.
H2505,Budget Haven,Texas,Budget,3,5/15/2025,Spring,89890,70.57,5,Food,Tasty and well-prepared dishes.
H2506,Mountain Retreat,Colorado,Boutique,3,5/16/2025,Spring,98770,99.11,3.6,Location,Excellent for walking everywhere.
H2507,The Grand Oak,California,Luxury,5,5/16/2025,Spring,87710,81.73,4.3,Cleanliness,Room was spotless and well-kept.
H2508,Seaside Shores,Florida,Resort,4,5/16/2025,Spring,12100,77.57,3.8,Service,Staff went above and beyond.
H2509,Metro Meridian,New York,Business,5,5/16/2025,Spring,25940,91.77,3.5,Food,Tasty and well-prepared dishes.
H2510,Budget Haven,Texas,Budget,3,5/16/2025,Spring,13240,95.18,3.7,Service,Staff went above and beyond.
H2511,Mountain Retreat,Colorado,Boutique,3,5/17/2025,Spring,107110,78.06,3.5,Amenities,Modern amenities and comfortable spaces.
H2512,The Grand Oak,California,Luxury,5,5/17/2025,Spring,16180,84.1,3.8,Location,Excellent for walking everywhere.
H2513,Seaside Shores,Florida,Resort,4,5/17/2025,Spring,85920,92.95,4.9,Amenities,Modern amenities and comfortable spaces.
H2514,Metro Meridian,New York,Business,5,5/17/2025,Spring,86110,82.72,3.7,Service,Slow check-in process.
H2515,Budget Haven,Texas,Budget,3,5/17/2025,Spring,65000,70.84,4.2,Service,Always greeted with a smile.
H2516,Mountain Retreat,Colorado,Boutique,3,5/18/2025,Spring,51250,75.17,4.4,Service,Always greeted with a smile.
H2517,The Grand Oak,California,Luxury,5,5/18/2025,Spring,58430,83.34,4.9,Service,Staff went above and beyond.
H2518,Seaside Shores,Florida,Resort,4,5/18/2025,Spring,52070,79.33,3.7,Location,Excellent for walking everywhere.
H2519,Metro Meridian,New York,Business,5,5/18/2025,Spring,39590,92.96,4.4,Food,Tasty and well-prepared dishes.
H2520,Budget Haven,Texas,Budget,3,5/18/2025,Spring,50540,86.95,4.8,Service,Staff went above and beyond.
H2521,Mountain Retreat,Colorado,Boutique,3,5/19/2025,Spring,21330,94.18,4.3,Food,Tasty and well-prepared dishes.
H2522,The Grand Oak,California,Luxury,5,5/19/2025,Spring,9710,81.6,3.9,Food,Tasty and well-prepared dishes.
H2523,Seaside Shores,Florida,Resort,4,5/19/2025,Spring,87190,85.94,4,Location,Excellent for walking everywhere.
H2524,Metro Meridian,New York,Business,5,5/19/2025,Spring,76740,75.69,4.2,Food,Tasty and well-prepared dishes.
H2525,Budget Haven,Texas,Budget,3,5/19/2025,Spring,91270,93.32,4,Food,Tasty and well-prepared dishes.
H2526,Mountain Retreat,Colorado,Boutique,3,5/20/2025,Spring,65090,88.21,4.9,Food,Tasty and well-prepared dishes.
H2527,The Grand Oak,California,Luxury,5,5/20/2025,Spring,25110,73.01,4.7,Cleanliness,Room was spotless and well-kept.
H2528,Seaside Shores,Florida,Resort,4,5/20/2025,Spring,42120,98.15,4.5,Service,Always greeted with a smile.
H2529,Metro Meridian,New York,Business,5,5/20/2025,Spring,35140,98.8,3.7,Cleanliness,Super clean bathrooms and linens.
H2530,Budget Haven,Texas,Budget,3,5/20/2025,Spring,51590,72.06,4.7,Cleanliness,Super clean bathrooms and linens.
H2531,Mountain Retreat,Colorado,Boutique,3,5/21/2025,Spring,10610,97.11,4.6,Food,Tasty and well-prepared dishes.
H2532,The Grand Oak,California,Luxury,5,5/21/2025,Spring,73270,78.61,4.4,Food,Tasty and well-prepared dishes.
H2533,Seaside Shores,Florida,Resort,4,5/21/2025,Spring,14570,78.05,3.8,Service,Slow check-in process.
H2534,Metro Meridian,New York,Business,5,5/21/2025,Spring,122440,99.56,4.5,Cleanliness,Super clean bathrooms and linens.
H2535,Budget Haven,Texas,Budget,3,5/21/2025,Spring,110290,70.97,3.8,Service,Slow check-in process.
H2536,Mountain Retreat,Colorado,Boutique,3,5/22/2025,Spring,32640,83.31,4.4,Cleanliness,Room was spotless and well-kept.
H2537,The Grand Oak,California,Luxury,5,5/22/2025,Spring,26830,82.16,4.7,Service,Always greeted with a smile.
H2538,Seaside Shores,Florida,Resort,4,5/22/2025,Spring,59330,71.26,4.7,Service,Always greeted with a smile.
H2539,Metro Meridian,New York,Business,5,5/22/2025,Spring,63650,94.72,4.8,Service,Staff went above and beyond.
H2540,Budget Haven,Texas,Budget,3,5/22/2025,Spring,80580,77.76,4.8,Service,Always greeted with a smile.
H2541,Mountain Retreat,Colorado,Boutique,3,5/23/2025,Spring,29470,73.04,5,Cleanliness,Super clean bathrooms and linens.
H2542,The Grand Oak,California,Luxury,5,5/23/2025,Spring,82450,84.15,3.5,Cleanliness,Super clean bathrooms and linens.
H2543,Seaside Shores,Florida,Resort,4,5/23/2025,Spring,18960,81.02,4.4,Service,Staff went above and beyond.
H2544,Metro Meridian,New York,Business,5,5/23/2025,Spring,49640,89.98,4.5,Cleanliness,Room was spotless and well-kept.
H2545,Budget Haven,Texas,Budget,3,5/23/2025,Spring,28060,88.8,4,Cleanliness,Super clean bathrooms and linens.
H2546,Mountain Retreat,Colorado,Boutique,3,5/24/2025,Spring,43440,86.49,3.9,Cleanliness,Room was spotless and well-kept.
H2547,The Grand Oak,California,Luxury,5,5/24/2025,Spring,106280,70.75,4.8,Service,Always greeted with a smile.
H2548,Seaside Shores,Florida,Resort,4,5/24/2025,Spring,53830,89,4.5,Location,Excellent for walking everywhere.
H2549,Metro Meridian,New York,Business,5,5/24/2025,Spring,103500,90.95,4.8,Service,Always greeted with a smile.
H2550,Budget Haven,Texas,Budget,3,5/24/2025,Spring,48380,83.89,3.8,Service,Slow check-in process.
H2551,Mountain Retreat,Colorado,Boutique,3,5/25/2025,Spring,116980,75.74,4,Service,Always greeted with a smile.
H2552,The Grand Oak,California,Luxury,5,5/25/2025,Spring,61310,78.34,3.9,Amenities,Modern amenities and comfortable spaces.
H2553,Seaside Shores,Florida,Resort,4,5/25/2025,Spring,42190,73.9,4.3,Amenities,Modern amenities and comfortable spaces.
H2554,Metro Meridian,New York,Business,5,5/25/2025,Spring,71520,77.03,5,Service,Always greeted with a smile.
H2555,Budget Haven,Texas,Budget,3,5/25/2025,Spring,108780,77.58,4.4,Amenities,Modern amenities and comfortable spaces.
H2556,Mountain Retreat,Colorado,Boutique,3,5/26/2025,Spring,124850,93.9,4.4,Amenities,Modern amenities and comfortable spaces.
H2557,The Grand Oak,California,Luxury,5,5/26/2025,Spring,114640,96.15,4.7,Location,Excellent for walking everywhere.
H2558,Seaside Shores,Florida,Resort,4,5/26/2025,Spring,53570,76.9,3.9,Service,Always greeted with a smile.
H2559,Metro Meridian,New York,Business,5,5/26/2025,Spring,14940,75.16,4.9,Amenities,Modern amenities and comfortable spaces.
H2560,Budget Haven,Texas,Budget,3,5/26/2025,Spring,24400,95.52,4.3,Food,Tasty and well-prepared dishes.
H2561,Mountain Retreat,Colorado,Boutique,3,5/27/2025,Spring,92190,89.95,4.1,Cleanliness,Super clean bathrooms and linens.
H2562,The Grand Oak,California,Luxury,5,5/27/2025,Spring,58870,95.8,3.6,Service,Always greeted with a smile.
H2563,Seaside Shores,Florida,Resort,4,5/27/2025,Spring,81170,94.01,4.4,Service,Staff went above and beyond.
H2564,Metro Meridian,New York,Business,5,5/27/2025,Spring,117570,93.68,5,Service,Always greeted with a smile.
H2565,Budget Haven,Texas,Budget,3,5/27/2025,Spring,123860,80.62,3.8,Amenities,Modern amenities and comfortable spaces.
H2566,Mountain Retreat,Colorado,Boutique,3,5/28/2025,Spring,81920,73.55,4.1,Location,Excellent for walking everywhere.
H2567,The Grand Oak,California,Luxury,5,5/28/2025,Spring,65910,87.41,3.8,Service,Slow check-in process.
H2568,Seaside Shores,Florida,Resort,4,5/28/2025,Spring,18000,75.5,3.8,Service,Slow check-in process.
H2569,Metro Meridian,New York,Business,5,5/28/2025,Spring,73970,76.22,3.8,Service,Slow check-in process.
H2570,Budget Haven,Texas,Budget,3,5/28/2025,Spring,50850,79.23,4.7,Cleanliness,Super clean bathrooms and linens.
H2571,Mountain Retreat,Colorado,Boutique,3,5/29/2025,Spring,123210,77.96,3.6,Service,Staff went above and beyond.
H2572,The Grand Oak,California,Luxury,5,5/29/2025,Spring,48240,90.19,4.1,Food,Tasty and well-prepared dishes.
H2573,Seaside Shores,Florida,Resort,4,5/29/2025,Spring,116400,99.44,3.7,Amenities,Modern amenities and comfortable spaces.
H2574,Metro Meridian,New York,Business,5,5/29/2025,Spring,85340,96.45,4.9,Location,Excellent for walking everywhere.
H2575,Budget Haven,Texas,Budget,3,5/29/2025,Spring,37840,92.73,4.8,Location,Excellent for walking everywhere.
H2576,Mountain Retreat,Colorado,Boutique,3,5/30/2025,Spring,51970,93.78,3.7,Service,Staff went above and beyond.
H2577,The Grand Oak,California,Luxury,5,5/30/2025,Spring,23920,97.24,3.5,Cleanliness,Super clean bathrooms and linens.
H2578,Seaside Shores,Florida,Resort,4,5/30/2025,Spring,106660,82.92,4.7,Service,Staff went above and beyond.
H2579,Metro Meridian,New York,Business,5,5/30/2025,Spring,108980,83.13,4.5,Food,Tasty and well-prepared dishes.
H2580,Budget Haven,Texas,Budget,3,5/30/2025,Spring,102190,75.66,4.2,Location,Excellent for walking everywhere.
H2581,Mountain Retreat,Colorado,Boutique,3,5/31/2025,Spring,52120,72.4,4.8,Service,Always greeted with a smile.
H2582,The Grand Oak,California,Luxury,5,5/31/2025,Spring,90630,71.64,4.8,Service,Always greeted with a smile.
H2583,Seaside Shores,Florida,Resort,4,5/31/2025,Spring,120240,97.6,3.8,Service,Slow check-in process.
H2584,Metro Meridian,New York,Business,5,5/31/2025,Spring,60930,96.97,4.3,Service,Always greeted with a smile.
H2585,Budget Haven,Texas,Budget,3,5/31/2025,Spring,74190,94.61,4,Service,Always greeted with a smile.
H2586,Mountain Retreat,Colorado,Boutique,3,6/1/2025,Summer,86160,84.08,4.7,Service,Staff went above and beyond.
H2587,The Grand Oak,California,Luxury,5,6/1/2025,Summer,113390,86.28,4.4,Food,Tasty and well-prepared dishes.
H2588,Seaside Shores,Florida,Resort,4,6/1/2025,Summer,94240,87.89,3.7,Amenities,Modern amenities and comfortable spaces.
H2589,Metro Meridian,New York,Business,5,6/1/2025,Summer,100050,70.11,4.8,Service,Always greeted with a smile.
H2590,Budget Haven,Texas,Budget,3,6/1/2025,Summer,72780,81.89,4.8,Service,Staff went above and beyond.
H2591,Mountain Retreat,Colorado,Boutique,3,6/2/2025,Summer,36450,96.79,4.7,Service,Staff went above and beyond.
H2592,The Grand Oak,California,Luxury,5,6/2/2025,Summer,13080,81.92,4.5,Cleanliness,Super clean bathrooms and linens.
H2593,Seaside Shores,Florida,Resort,4,6/2/2025,Summer,22780,88.76,4.8,Service,Always greeted with a smile.
H2594,Metro Meridian,New York,Business,5,6/2/2025,Summer,12620,74.64,4.2,Service,Always greeted with a smile.
H2595,Budget Haven,Texas,Budget,3,6/2/2025,Summer,66820,95.57,3.8,Service,Slow check-in process.
H2596,Mountain Retreat,Colorado,Boutique,3,6/3/2025,Summer,119510,91.42,4.8,Amenities,Modern amenities and comfortable spaces.
H2597,The Grand Oak,California,Luxury,5,6/3/2025,Summer,94430,70.06,4.4,Amenities,Modern amenities and comfortable spaces.
H2598,Seaside Shores,Florida,Resort,4,6/3/2025,Summer,41560,70.28,3.8,Amenities,Modern amenities and comfortable spaces.
H2599,Metro Meridian,New York,Business,5,6/3/2025,Summer,62610,82.28,4,Location,Excellent for walking everywhere.
H2600,Budget Haven,Texas,Budget,3,6/3/2025,Summer,74790,77.03,5,Cleanliness,Room was spotless and well-kept.
